3030 5018
1277 256 1317 315 77

199 444 305 509 μενος,
338 422 395 491 καὶ
424 421 531 491 εἰπεῖν
560 413 612 492 ότι
639 420 749 511 (πόσῳ
777 426 840 491 σού
869 421 936 511 ἐγιό
961 421 1173 510 κομψότερος
1201 418 1318 508 μάντις

200 525 291 611 εἰμές

280 648 323 709 IV
340 649 440 724 1,15ο
469 639 536 732 έγώ
554 646 617 731 μὲν
638 647 717 713 οὐδὲ
738 649 799 732 ζήν
820 642 960 731 ήθελον,
989 645 1018 711 εἰ
1046 642 1101 712 διὰ
1125 647 1319 732 Φήλικέωνα

198 742 262 814 ἔδει
284 750 380 833 ζῆσαι
400 752 461 834 τῆς
482 740 611 835 ὀφρύος
633 741 741 816 αύτοῦ
762 751 819 815 καὶ
839 752 903 816 τοῦ
922 750 1087 815 δουλικοῦ
1102 742 1319 833 φρυάγματος

199 847 435 935 ἀνασχόμενον.

282 1058 311 1119 4.
342 1060 383 1120 Ut
403 1060 547 1120 Homerus
570 1049 613 1122 ἂν
632 1060 722 1120 adicit
735 1060 894 1121 indicativo
909 1059 1006 1134 futuri,
1028 1078 1086 1135 quo
1100 1060 1188 1120 rebus
1202 1062 1319 1136 quibus·

195 1161 274 1238 piam
296 1161 496 1222 eeeidentibus
518 1162 631 1237 aliquid
652 1167 825 1223 eventurum
848 1180 912 1222 esee
934 1163 1121 1238 exprimatur,
1142 1164 1192 1236 ita,
1215 1164 1319 1237 quibus

196 1264 298 1340 peueis
319 1265 395 1324 loeis
415 1265 544 1324 inlibris
559 1266 666 1325 Atticis
687 1265 736 1323 hie
758 1283 827 1324 usus
850 1266 984 1337 occurrit
1006 1268 1057 1323 aut
1077 1265 1109 1322 in
1124 1265 1190 1323 aliis
1213 1264 1319 1325 eodiei-

195 1366 251 1425 bus
276 1366 338 1425 elia
362 1368 500 1442 leguntur
527 1367 626 1440 verbe,
654 1370 705 1425 aut
729 1368 818 1427 lectio
844 1367 953 1426 tradita
977 1365 1066 1425 iaeile
1088 1368 1194 1425 mutari
1214 1371 1319 1442 potest.

195 1467 307 1528 Eodem
335 1468 422 1528 modo
443 1468 630 1528 iudicandum
660 1472 704 1528 est
726 1468 763 1528 de
785 1470 837 1544 Ep.
854 1468 1057 1543 diss.1123‚1
1083 1465 1224 1544 Βιβλίαν
1253 1469 1319 1542 πᾶς

196 1560 239 1633 ἂν
271 1558 370 1651 ήδιον
405 1564 585 1654 α’ναγνρόη
616 1569 671 1632 καὶ
705 1565 791 1656 ῥᾷον
822 1565 862 1633 τό
894 1560 1127 1653 εύσημοτέροις
1156 1565 1320 1652 γράμμασι

196 1668 432 1755 γεγραμμένον.
465 1670 595 1736 οόκούν
616 1671 672 1735 καὶ
696 1668 819 1755 λόγους
839 1673 907 1747 πᾶς
928 1665 971 1735 άν
992 1693 1044 1746 τις
1058 1667 1143 1757 ῥᾷον
1158 1661 1319 1735 ἀκούσει

195 1768 277 1849 τούς
299 1765 499 1860 εὐσχήμοσιν
522 1766 588 1857 ἅμα
602 1774 659 1837 καὶ
675 1773 874 1857 εὐπρεπέσιν
889 1768 1029 1856 ὀνόμασι
1044 1772 1319 1858 σεσήμασμένους.

196 1876 336 1954 optativo
357 1879 459 1938 aoristi
479 1867 636 1962 άναγνρόή
664 1880 794 1955 poscitur
822 1877 900 1937 idem
929 1878 1012 1937 verbi
1043 1865 1179 1940 ἀκούειν
1209 1877 1320 1937 modus.

197 1978 289 2052 Quem
311 1980 364 2039 alii
384 1981 471 2040 aliter
492 1982 646 2041 restituere
669 1982 767 2041 eonati
788 1986 867 2041 eunt:
891 1981 998 2041 Ceraes
1013 1969 1165 2054 άκούσαι,
1187 1979 1319 2039 Schenk-

195 2083 256 2143 lius
276 2076 430 2145 ἀκούσειε
453 2084 638 2159 seripserunt.

282 2202 341 2262 Sed
362 2205 474 2263 restant
496 2202 553 2262 duo
575 2204 643 2277 loei,
670 2205 719 2278 qui
742 2204 928 2263 Homerieum
950 2221 1033 2262 usum
1055 2220 1128 2279 pure
1151 2203 1320 2262 ostendunt:

281 2321 420 2395 11121‚7
451 2318 507 2383 καὶ
535 2315 602 2402 μήν
632 2315 697 2402 ἐγώ
719 2319 799 2402 ύμῖν
822 2316 1022 2403 ἐξηγήσομαι
1043 2314 1087 2382 τά
1108 2319 1320 2401 Χρυσέππεια

197 2419 242 2497 ak
264 2411 384 2499 ούδεές,
412 2417 474 2509 τήν
505 2422 597 2503 λέξιν
627 2416 777 2487 διαλύσω
803 2418 1043 2504 καθαρώτατα,
1069 2416 1255 2507 προσθήσω
1279 2413 1320 2484 ἄν

196 2545 266 2589 που
294 2523 349 2587 καὶ
367 2513 588 2609 Ἀντιπάτρου
616 2524 673 2588 καὶ
697 2519 894 2611 Ἀρχεδήμου
922 2518 1034 2607 φοράν
1064 2525 1255 2602 [„aliquando
1278 2559 1320 2568 -

196 2629 295 2688 sivos
316 2630 461 2688 iuvat-
484 2630 570 2688 etiam
592 2629 630 2688 A.
646 2631 675 2688 et
696 2628 734 2687 A.
755 2629 894 2704 impetum
917 2628 1115 2703 adiungem“].

281 2749 413 2822 111‚32
436 2744 493 2810 καὶ
519 2747 584 2810 νῦν
611 2742 647 2809 ἐν
669 2736 773 2829 Ῥιύμγγ
800 2744 929 2828 α’νέρχῃ,
960 2737 1013 2808 ότι
1039 2742 1135 2807 δοκεῖ
1159 2758 1225 2806 σοι·
1256 2733 1320 2805 κάν

195 2844 370 2932 μεταδόξῃ,
393 2839 457 2912 ούκ
480 2839 522 2911 άν
544 2844 718 2930 α’πελεύσγγ.

716 3137 732 3215 ρ
756 3139 804 3197 16.

575 3273 628 3339 De
651 3271 829 3354 particula
851 3275 939 3345 πῶς.

283 3414 360 3488 Ποός
382 3431 436 3492 pro
460 3404 512 3475 ὅτι
534 3414 597 3473 sive
620 3409 664 3485 οἱς
689 3415 756 3488 post
782 3413 873 3472 verba
899 3411 1045 3470 sentiendi
1066 3413 1117 3471 vel
1140 3412 1319 3472 monstrandi

196 3517 272 3576 sieut
299 3518 331 3575 in
345 3519 382 3579 N.
397 3517 431 3575 T.
454 3519 484 3575 et
511 3516 542 3574 in
572 3514 716 3575 hodierna
741 3516 844 3591 lingua
869 3513 991 3587 Graeca,
1020 3513 1066 3573 his
1091 3515 1216 3590 Epicteti
1244 3514 1319 3573 loeis

197 3623 358 3696 comparet:

572 3757 598 3814 1,
630 3753 823 3814 Antecedit
845 3743 950 3834 ὁρᾶν,

282 3892 407 3967 1125,3
434 3886 681 3972 Σιωπήσαντος
703 3887 738 3954 δέ
763 3889 830 3952 τού
861 3878 1063 3972 άνθριύπου·
1106 3885 1222 3975 εὉρᾷς,
1246 3883 1319 3971 ἔφη,

196 3994 271 4070 πῶς
294 3985 395 4070 αύτός
417 3980 601 4076 ὁμολογεῖς,
624 3982 676 4056 ότι
692 4041 698 4055 .
716 4042 723 4055 .
741 3992 759 4055 .’

280 4113 448 4188 11122,51
480 4107 672 4196 τηλικούτῳ
700 4106 868 4194 πράγματι
898 4109 987 4199 δρᾷς,
1017 4110 1090 4185 πῶς
1118 4106 1245 4190 μέλλεις
1271 4105 1319 4190 ἕλ’·

194 4225 332 4300 χειρεῑν,·
