3030 5018
1275 259 1315 317 79

279 428 309 490 11
323 429 425 506 20,θό
447 419 524 509 λάβε
547 427 622 508 νῦν,
651 427 724 505 ποῦς
746 413 766 512 ἡ
791 423 986 513 δικαιοσύνη
1016 425 1117 493 οδδέν
1145 424 1214 493 ε’στι
1243 428 1317 504 πῶς

193 516 340 616 ἧαίδώς
368 529 478 613 μωρία
507 527 585 608 ε’στί,
618 532 688 606 ποῦς
716 525 828 614 πατὴρ
859 522 960 595 οὐδέν
989 527 1067 608 ἐστι,
1097 532 1169 606 πῶς
1199 527 1219 595 δ
1245 526 1317 606 υίὸς

195 622 297 698 οὐδέν
318 629 418 697 ἐστιν.

281 753 338 826 Qui
359 757 516 832 supersunt
536 754 596 815 1οοί
618 754 773 814 aliusmodi
794 759 873 828 sunt3
904 774 971 814 nem
1000 755 1188 832 scriptoribus
1209 756 1317 816 Atticis

195 856 305 934 pendet
333 875 371 917 ex
399 857 496 917 verbis
526 854 718 938 φροντίζειν
744 860 774 916 et
794 853 908 937 μέλειν
929 845 1022 930 ὅπως
1045 876 1069 920 ο.
1084 857 1143 917 ind.
1158 858 1223 931 fue,
1253 877 1318 917 eum

194 959 346 1036 Epietetus
366 958 511 1020 interdum
532 958 605 1033 ποῦς
627 976 652 1017 α.
675 960 750 1020 eoui.
763 977 858 1035 praes.
880 963 977 1018 utetur
998 958 1043 1019 his
1064 961 1152 1020 loeis:

281 1079 393 1153 1217
417 1075 453 1140 οὲ
476 1070 541 1140 ἔδει
563 1074 766 1158 φροντίζειν,
789 1077 862 1152 πῶς
878 1065 1037 1159 ἀνόμοιος
1053 1079 1172 1157 [Bless]
1188 1068 1225 1159 ᾗς
1247 1087 1318 1153 τοῖς

196 1171 311 1256 ἄλλοις
333 1168 539 1263 ἀνθρώποις.

280 1301 391 1374 116,3
413 1295 485 1362 ἐπεὶ
507 1291 580 1381 δρα,
603 1291 678 1362 οἷον
700 1282 742 1384 ἦν
762 1286 845 1382 ἡμᾶς
868 1298 1062 1381 φροντίζειν
1082 1295 1127 1383 μὴ
1148 1299 1223 1383 περὶ
1246 1297 1318 1365 δαν·

195 1402 267 1465 τῶν
287 1395 404 1486 μόνον,
435 1390 524 1464 ἀλλὰ
550 1399 605 1463 καὶ
635 1400 712 1484 περὶ
741 1402 812 1465 τῶν
837 1398 1022 1488 προβάτων
1044 1401 1193 1466 καὶτῶν
1216 1395 1319 1480 ὄνων,

196 1504 271 1579 πυός
297 1497 474 1585 ἐνδύσηται
503 1502 560 1566 καὶ
589 1503 664 1578 πῶς
693 1491 915 1588 ἀποδήσηται,
937 1504 1010 1579 πῶς
1032 1498 1131 1586 φάγη,
1153 1505 1227 1580 πῶς
1248 1504 1318 1586 πίη.

280 1626 322 1684 1v
338 1627 365 1698 7,
378 1625 417 1683 37
440 1621 494 1687 σοὶ
515 1622 617 1705 μέλει,
639 1624 713 1697 πῶς
735 1619 772 1685 έν
786 1617 1038 1705 δρθοστρώτοις
1053 1620 1155 1704 οἰκῇς,
1178 1617 1226 1686 έτι
1248 1625 1320 1700 πῶς

197 1723 312 1800 παῖδές
335 1740 388 1789 σοι
471 1725 686 1800 διακονοῦσιν,
712 1726 786 1799 ποῦς
809 1721 935 1810 ἐσθῆτα
957 1724 1182 1808 περίβλεπτον
1205 1727 1320 1807 φορης,

196 1827 271 1903 πῶς
292 1819 459 1912 κυνηγοὺς
481 1822 634 1902 πολλοὺς
656 1823 739 1909 έγης,
768 1828 842 1903 πῶς
863 1823 1091 1911 κιθαρῳδοός,
1113 1823 1319 1911 τραγῳδούς.

716 2119 732 2197 §
757 2121 805 2180 17.

568 2234 621 2302 De
642 2235 822 2320 pertieule
849 2237 947 2300 ὥστε.

281 2375 489 2434 Enumerende
511 2375 597 2436 modo
619 2379 687 2435 sunt
706 2377 857 2435 enuntiate
873 2377 1068 2450 consecutive,
1091 2378 1122 2434 in
1138 2377 1242 2452 quibus
1257 2378 1320 2437 siue

197 2475 287 2537 dubie
316 2473 363 2553 οδς
389 2495 443 2554 pre
473 2465 558 2540 ὥστε
585 2483 689 2555 exstet,
719 2497 806 2554 quam
832 2496 894 2536 rem
916 2478 1051 2538 inlibris
1073 2479 1190 2554 quidem
1212 2481 1320 2539 Atticis

196 2578 383 2656 pedestribus
407 2584 486 2640 certe
508 2582 597 2640 stetui
618 2591 678 2640 non
699 2600 784 2657 posse
806 2582 942 2657 plerique
964 2582 1101 2640 sentiunt.

642 2718 667 2780 1.
700 2706 751 2792 ὡς
777 2735 801 2780 e.
820 2718 880 2779 inf.

282 2849 545 2925 1112289015&
573 2843 635 2935 γάρ
665 2845 820 2935 ῥυπαρόν
849 2841 954 2916 αὐτόν
984 2850 1036 2915 δεῖ
1061 2852 1253 2933 φαίνεσθαι,
1276 2841 1322 2929 οδς

198 2951 280 3038 μηδὲ
301 2949 388 3018 κατὰ
409 2955 512 3018 τοῦτο
535 2949 615 3029 τοὺς
638 2950 844 3037 ἀνθρώπους
866 2946 1056 3032 ἀποσοβεῖν.

283 3073 318 3134 fr.
337 3076 384 3149 11,
399 3076 437 3134 10
459 3066 531 3136 εἶτα
550 3072 673 3155 χείρων
689 3067 815 3137 Πώλου
838 3071 857 3137 δ
877 3083 1031 3156 γενναῖος
1053 3064 1138 3157 ἀνὴρ
1155 3086 1320 3155 φανεῖται,

198 3171 244 3250 οἷς
257 3169 301 3258 μὴ
321 3176 391 3239 πᾶν
405 3170 445 3240 τδ
460 3175 640 3259 περιτεθὲν
656 3225 663 3240 .
680 3225 686 3238 .
704 3224 711 3238 .
727 3170 914 3259 πρόσωπον
929 3173 1180 3258 ἀποκρίνασθαι
1195 3178 1306 3252 καλῶς
1311 3201 1323 3253 ,·

572 3315 599 3373 2.
632 3299 682 3387 ὡς
705 3331 729 3375 e.
751 3332 821 3374 aee.
843 3332 867 3376 e.
889 3313 948 3373 ius.

283 3451 408 3526 1114‚7
439 3439 492 3514 ότι
521 3446 573 3514 δεῖ
601 3442 663 3536 τὴν
692 3438 801 3515 αὑτοῦ
830 3442 993 3534 βούλησιν
1024 3444 1229 3533 συναρμόσαι
1251 3460 1322 3525 τοῖς

198 3550 387 3635 γινομένοις
416 3549 462 3627 οδς
490 3549 571 3639 μήτε
599 3575 633 3617 τι
662 3553 732 3617 τῶν
761 3552 949 3637 γινομένων
978 3541 1136 3616 ἀκόντων
1158 3549 1252 3637 ἡμῶν
1274 3552 1322 3635 γί-

198 3656 316 3717 νεσθαι
337 3649 417 3740 μήτε
440 3656 510 3717 τοῦν
531 3650 575 3740 μη
597 3655 783 3737 γινομένων
798 3650 977 3719 θελόντων
991 3652 1084 3741 ἡμων
1097 3649 1141 3739 μὴ
1157 3654 1321 3736 γίνεσθαι.

282 3776 323 3834 IV
339 3775 400 3849 6,4
426 3773 483 3836 καὶ
508 3772 586 3856 περὶ
612 3768 651 3836 τό
679 3774 773 3855 σῶμα
796 3772 834 3837 δέ
853 3796 929 3836 τινα
951 3784 1178 3856 κακοτεχνεῖν,
1200 3761 1247 3848 σός
1269 3763 1322 3836 εό-

198 3869 411 3959 μορφότερον
435 3876 596 3956 φαίνεθαι
618 3874 675 3938 καὶ
698 3872 935 3960 γενναιότερον
957 3877 1021 3939 τοῦ
1044 3869 1153 3951 ὄντος.

282 3997 419 4058 Dubitari
440 4003 544 4076 petest,
567 4016 636 4058 num
658 4001 737 4057 reete
759 3998 882 4058 traditus
905 4000 942 4058 sit
962 3999 1046 4057 loeus
1069 3999 1110 4057 IV
1128 4001 1153 4072 l,
1167 4000 1219 4058 50:

284 4104 337 4180 ὅτι
370 4113 479 4192 οὐδεὶς
509 4105 620 4191 οὕτως
648 4113 740 4179 ἐστίν
771 4105 973 4201 ἀναίσθητος
1005 4106 1025 4201 ἢ
1052 4106 1243 4200 ἀναλήθης,
1277 4110 1321 4202 μη

198 4208 436 4303 ἀποδύρασθαι
457 4213 516 4296 τὰς
538 4217 646 4283 αὐτοῦ
667 4213 849 4303 συμφοράς,
874 4207 943 4304 ὅσῳ
968 4210 1009 4282 ἂν
1031 4209 1052 4301 ᾗ
1074 4218 1239 4303 φίλτερος.
