3030 5018
195 255 235 314 78

276 427 319 487 Ν
335 429 362 501 7,
375 428 415 485 34
438 423 494 489 καὶ
517 412 608 508 ὅμως
630 413 704 507 ὅρα,
726 425 800 502 πώς
820 423 877 489 καὶ
899 416 985 510 πρὸς
1003 417 1148 502 τοάτους
1170 414 1314 505 [εατοάς

189 522 337 611 μωροὺς]
361 526 406 603 ώς
429 527 481 592 δεῖ
502 523 640 611 ἔχοντας
661 521 976 611 παρασκευάζουσιν
998 528 1048 609 [ιο.
1064 524 1097 592 οἱ
1119 523 1240 613 λόγοι].

277 650 400 722 11213
422 645 523 729 δρᾶτε
544 645 643 729 ὑμεῖς,
669 648 742 722 πώς
765 640 876 712 ἄνισοι
898 644 973 712 έστε
994 646 1052 711 καὶ
1073 639 1282 731 άγνώμονες;

276 770 306 827 Π
324 771 370 842 16,
384 770 421 828 31
454 765 513 845 ἰ’δε,
535 768 610 842 πώς
631 766 802 851 τραγῳδία
824 766 960 850 γίνεται,
992 758 1076 832 ὅταν
1106 765 1153 843 εἰς
1183 761 1315 850 μωροδς

193 858 400 950 ἀνθρώπους
425 863 493 935 (τά)
520 860 717 951 τυγχάνοντ’
739 866 870 952 έμπέση.

277 991 318 1049 Ν
332 992 365 1065 8,
385 991 426 1049 30
449 977 491 1050 ἵν’
513 985 604 1072 ἴδητε
628 1037 635 1050 .
659 1039 666 1051 .
692 1037 698 1052 .
723 977 784 1052 ὅτι
806 1038 862 1051 ...
886 991 1025 1074 ζητεῖτε·
1048 986 1106 1052 καὶ
1128 985 1216 1053 ἴδετε
1237 989 1316 1065 πώς

193 1088 346 1172 ὑγιαίνω.

277 1212 424 1285 1112,17
454 1206 588 1291 ἴδωμεν,
621 1211 693 1285 πώς
722 1204 890 1274 ὑπόθεσίν
919 1233 969 1286 τις
998 1204 1113 1288 λαβών
1142 1206 1189 1286 εἰς
1218 1205 1316 1275 οὐδὲν

193 1302 326 1375 άτοπον
350 1303 587 1397 άπαχθήσεται.

277 1434 320 1492 Ν
341 1434 389 1507 11,
405 1434 445 1491 23
479 1428 576 1508 ἴδετε,
608 1431 681 1507 πώς
713 1424 829 1506 ἄοικος
861 1420 911 1494 ὢν
940 1481 947 1494 .
979 1481 986 1496 .
1018 1481 1025 1496 .
1059 1420 1316 1516 άταραχώτερον

196 1529 303 1616 διάγω
324 1534 380 1596 καὶ
403 1525 638 1616 εάρούστερον.

278 1655 403 1728 111,17
427 1645 501 1716 ἰδού
525 1653 598 1728 πώς
621 1653 664 1716 οδ
685 1644 798 1717 δάκνει
822 1648 874 1738 [so.
897 1652 918 1718 δ
939 1649 1113 1740 θάνατος].

279 1775 308 1833 ΙΙ
326 1776 350 1849 1,
364 1774 404 1832 34
426 1766 501 1835 ἰδοὺ
523 1773 597 1848 πώς
620 1769 799 1856 διαλόγους
821 1772 1010 1858 συντίθημι.

426 1869 500 1938 ἰδοδ
524 1874 598 1950 πώς
621 1870 818 1958 ὀρεγόμενος
841 1873 905 1939 οὐκ
928 1865 1160 1958 ἀποτυγχάνω.

281 1995 322 2055 Ν
341 1995 439 2067 10,15
463 1987 537 2057 ἰδοδ
560 1995 634 2068 πώς
656 1992 813 2078 κέχρημαι
834 2005 908 2070 ταῖς
929 1990 1133 2081 αἰσθήσεσιν,
1155 1989 1233 2059 ἰδοῦ
1247 1996 1320 2070 πῶς

194 2105 267 2171 ταῖς
288 2091 509 2181 προλήψεσιν.

279 2217 391 2291 118,4
414 2210 500 2279 α’λλά
521 2216 632 2296 δεῖξον
654 2212 716 2302 τὴν
737 2211 871 2301 πλάνην
894 2216 950 2281 καὶ
966 2207 1052 2301 ὄψει,
1073 2219 1147 2294 πώς
1163 2209 1320 2300 ἀφίσταν-

197 2341 251 2381 ται
274 2319 346 2381 τών
368 2306 625 2403 ἁμαρτημάτων.

280 2441 358 2516 129,
373 2442 411 2499 61
436 2435 506 2502 ἐπεὶ
527 2438 630 2524 χωρὶς
651 2435 787 2504 τούτων
810 2430 912 2524 άγαγέ
932 2461 990 2522 μοι
1011 2435 1074 2505 τὸν
1088 2440 1243 2525 Καίσαρα
1263 2438 1320 2505 καὶ

198 2534 275 2623 δ’ψει
296 2543 369 2616 πώς
391 2531 561 2606 εεῗσταθώ.

283 2663 408 2735 1118,3
431 2660 487 2723 καὶ
510 2652 596 2742 ὄψει,
619 2663 692 2736 πώς
715 2651 783 2726 σου
799 2657 842 2725 τά
864 2661 965 2748 σκέλη
987 2656 1207 2745 παραλύεται.

282 2784 311 2841 11
327 2782 375 2856 24,
389 2785 427 2841 29
451 2780 508 2844 καὶ
530 2774 617 2863 ὄψει,
638 2784 713 2855 πώς
735 2778 878 2867 κινήσεις
899 2779 962 2848 τὸν
984 2782 1135 2867 λέγοντα.
1201 2774 1204 2779 ’

284 2904 444 2978 1v13,15
466 2900 523 2965 καὶ
546 2892 632 2984 ὄψει,
655 2903 729 2977 πώς
752 2901 814 2966 οὐκ
838 2894 1002 2985 ἀναμένω,
1025 2900 1080 2967 ἵνα
1096 2953 1103 2968 .
1120 2952 1153 2968 ..

253 3110 280 3166 2.
314 3109 542 3169 Antecedunt
569 3101 782 3184 δεικνύειν,
809 3101 1057 3189 γιγνώσκειν,
1084 3101 1274 3191 παριστά-

688 3230 752 3272 ναι
775 3229 837 3270 s1m.

286 3347 395 3421 Ill,8
419 3344 530 3426 δεῖξον
552 3330 616 3410 οὖν
637 3367 694 3428 μοι
718 3340 769 3424 σύ,
792 3346 864 3421 πώς
886 3339 972 3409 κατὰ
994 3342 1097 3427 φύσιν
1119 3343 1220 3410 ἐστίν.

419 3446 539 3526 δεῖξον,
569 3450 641 3523 πώς
671 3437 736 3511 οὐκ
766 3443 834 3511 ἔστι
863 3443 950 3511 κατὰ
981 3443 1084 3528 φύσιν
1112 3447 1188 3513 οὐδ’
1209 3445 1326 3532 δρθώς

200 3547 338 3631 γίνεται.

285 3671 299 3728 I
329 3671 420 3743 18,7
452 3659 517 3731 κάν
550 3659 642 3731 οὕτω
674 3668 781 3752 λέγης,
816 3665 941 3753 γνώση,
975 3670 1048 3746 πώς
1085 3661 1326 3753 άπάνθρωπόν

200 3766 290 3834 ἐστιν
314 3759 332 3832 3
358 3769 469 3852 λέγεις.

287 3891 433 3964 1122,10
456 3883 576 3972 γνώση,
605 3891 680 3965 πώς
703 3906 737 3954 σε
759 3884 799 3953 τό
822 3890 959 3956 παιδίον
990 3890 1114 3975 ταχέως
1141 3885 1326 3975 κατορύξαι

202 3990 303 4055 θέλει.

286 4111 316 4170 11
331 4111 412 4185 26,4
439 4108 495 4171 καὶ
522 4110 636 4190 σαφώς
662 4112 879 4197 παραστῆσαι,
907 4112 980 4188 πώς
1007 4101 1025 4175 3
1048 4111 1141 4176 θέλει
1168 4102 1209 4176 ου’
1234 4123 1329 4177 ποιεῖ

202 4208 258 4276 καὶ
281 4200 300 4275 3
321 4202 366 4298 μή
389 4209 484 4275 θέλει
504 4222 604 4276 ποιεῖ.
