3030 5018
713 542 730 621 ε
755 543 802 603 15.

592 675 645 743 De
666 678 848 760 particule
875 679 929 740 ἄν.

286 819 310 875 l.
343 819 383 877 Ut
409 817 487 893 apud
511 818 626 877 Atticos
656 835 721 877 cnm
750 822 852 894 poetas
881 822 942 877 tum
972 819 1128 894 scriptores
1157 820 1227 879 satis
1256 837 1323 879 raro

197 920 228 978 in
250 921 401 979 sententiis
423 919 620 995 hypotheticis
641 921 796 979 isrealibns
811 921 894 980 deest
908 911 990 997 u'vi),
1013 921 1055 979 ite
1072 921 1129 980 hoc
1143 920 1324 997 frequentius

197 1023 333 1082 inlibris
355 1022 501 1082 inferioris
531 1025 643 1096 aetatis,
673 1025 799 1083 maxime
820 1024 851 1081 in
873 1025 910 1083 N.
924 1025 960 1086 T.
982 1022 1026 1096 fit;
1058 1023 1136 1099 apud
1157 1025 1323 1099 Epictetum

198 1124 315 1201 quidem
336 1124 412 1185 haee
434 1126 570 1202 exempla
594 1129 731 1199 quattuor
751 1127 802 1185 vel
824 1126 952 1201 quinque
974 1127 1086 1184 inveni:

282 1263 361 1336 129,
375 1260 412 1320 51
445 1256 473 1323 εἰ
500 1257 536 1323 δὲ
565 1258 642 1343 περὶ
668 1257 885 1343 ,συνημμένου
913 1254 1005 1335 τινὸς
1035 1257 1237 1344 ἐπικεκρίκει
1267 1258 1324 1323 καί

197 1353 354 1426 ἐδεδώκει
387 1358 579 1443 ἀπόφανσιν
607 1358 647 1426 τὸ
675 1360 714 1425 ἐί
746 1351 852 1444 ἡμέρα
886 1359 967 1439 ἐστί,
1002 1362 1074 1443 φῶς
1102 1359 1184 1440 ἐστι,
1217 1361 1323 1445 κρίνω

197 1462 324 1547 ψεῦδος
347 1457 455 1543 εἶναι’,
477 1463 510 1528 τί
532 1459 680 1547 ἐγεγόνει
703 1465 752 1549 τῷ
776 1463 989 1548 συνημμένῳ;

282 1588 415 1659 128,13
438 1604 497 1645 non
519 1590 599 1646 reete
618 1588 764 1661 afferatur,
787 1585 866 1661 quod
882 1604 918 1645 ex
934 1586 1031 1645 verbis
1053 1583 1087 1647 τί
1109 1574 1152 1647 ἂν
1174 1580 1323 1667 ἐγένετο;

199 1677 240 1750 ἂν
266 1687 304 1747 ed
328 1689 530 1763 insequentem
557 1689 732 1746 sententiam
758 1687 847 1746 facile
869 1689 1034 1763 suppletur:
1065 1682 1093 1748 εί
1123 1676 1186 1749 οὖν
1217 1681 1323 1769 ἐφάνη

197 1790 247 1873 τῷ
279 1784 442 1872 Μενελάῳ
474 1789 599 1851 παθεῖν
633 1777 685 1851 ὅτι
719 1786 837 1869 κέρδος
872 1784 942 1850 ἐστὶ
975 1782 1132 1872 τοιαύτης
1164 1781 1323 1871 γυναικὸς

199 1892 412 1976 στερηθῆναι,
441 1913 470 1953 τ.
495 1881 545 1954 ἂν.
569 1888 630 1973 ἐγ.;
660 1882 832 1954 ἀπολώλει
861 1888 881 1976 ἡ
907 1882 1000 1966 Ἰλιὰς
1030 1879 1072 1954 οὐ
1100 1883 1208 1972 μόνον
1239 1881 1324 1953 ἀλλὰ

198 1991 254 2056 καί
276 1983 297 2081 ἦ
317 1983 492 2059 Όδύσσεια.

282 2116 364 2188 116,
377 2116 417 2173 20
439 2111 468 2176 εί
491 2112 578 2195 γοῦν
599 2101 714 2196 ἀηδών
735 2103 831 2197 ἥμην,
859 2109 1000 2176 ἐποίουν
1026 2106 1069 2175 τὰ
1090 2112 1147 2198 τῆς
1169 2099 1322 2195 αἠδόνος.

283 2236 314 2295 11
331 2236 378 2309 14,
391 2236 430 2294 29
454 2229 561 2296 καὶεί
583 2225 626 2295 τὰ
648 2226 754 2317 κτήνη
778 2231 1001 2315 συναίσθησίν
1017 2253 1092 2295 τινα
1112 2225 1208 2313 εἶχεν,
1230 2254 1323 2295 κατε-

199 2334 278 2418 γέλα
299 2337 370 2398 τῶν
393 2326 475 2399 ἄλλο
497 2357 530 2398 τι
552 2331 821 2417 τεθαυμακότων
844 2326 865 2418 ἢ
889 2329 951 2398 τὸν
971 2329 1106 2418 χόρτον.

283 2458 319 2516 In
339 2457 450 2533 Uptoni
472 2456 574 2516 codice
596 2458 666 2543 olim
689 2457 843 2533 legebatur
865 2453 1029 2537 κατεγέλα
1051 2445 1103 2518 tv.

283 2577 322 2635 nt
349 2577 392 2637 IV
414 2578 523 2650 1,166
560 2577 712 2653 Epictetus
745 2593 782 2634 ex
812 2576 952 2634 memoria
985 2574 1159 2635 collaudans
1191 2576 1324 2635 Platonis

198 2679 291 2738 verba
313 2678 472 2738 Socratica:
499 2671 576 2754 ,ἐὰν
598 2675 643 2751 εἰς
669 2675 853 2740 Θετταλίαν
873 2671 1096 2762 αποδημήσης,
1119 2674 1193 2758 οὐχὶ
1215 2673 1324 2758 ε’πιμε-

200 2773 375 2864 λήσονταν*
400 2779 457 2840 hoe
480 2780 566 2841 modo
588 2781 788 2841 commutavit:
811 2775 914 2861 εἰμὲν
930 2774 975 2854 είς
992 2778 1178 2843 θετταλίαν
1194 2767 1323 2860 ἀπῄειν,

200 2877 428 2966 ἐπεμελήθητε
451 2872 576 2945 αὐτῶν.

285 3106 313 3165 2.
345 3105 425 3165 Loco
448 3106 626 3181 insequenti:
655 3106 765 3179 116,7
789 3101 900 3166 καίτοι
923 3097 964 3188 νὴ
986 3098 1048 3164 τὸν
1070 3102 1130 3167 Δία
1160 3101 1217 3166 καὶ
1243 3097 1323 3178 τούς

199 3201 303 3282 θεοὺς
324 3202 360 3269 ἓν
382 3206 455 3268 τῶν
476 3202 669 3289 γεγονότων
698 3197 840 3290 ἀπήρκει
869 3198 954 3288 πρὸς
984 3198 1024 3268 τὸ
1055 3203 1235 3269 αἰσθέσθαι
1264 3207 1324 3291 τῆς

200 3307 363 3391 προνοίας
386 3308 434 3392 τῷ
457 3330 493 3391 γε
517 3302 671 3390 αἰδήμονι
694 3307 749 3370 καὶ
773 3297 965 3393 είχαρίοτῳ.

286 3416 428 3514 ἄπηρκει
450 3429 552 3488 eadem
574 3430 686 3488 ratione
708 3429 870 3488 adhibitum
892 3434 943 3500 est,
966 3433 1053 3505 atque
1072 3431 1103 3487 in
1117 3429 1200 3488 libris
1215 3430 1324 3488 Atticis

199 3533 357 3619 προσῆκε,
388 3528 488 3615 ἐχρῆν
517 3551 541 3592 ο.
557 3552 587 3607 s.,
611 3534 716 3608 quibus
739 3522 780 3595 ἂν
802 3552 861 3592 non
892 3533 1018 3607 additur,
1048 3534 1102 3592 etsi
1131 3531 1221 3592 verbe
1251 3531 1323 3592 fiunt

200 3635 236 3696 de
258 3655 299 3711 re,
321 3654 397 3712 quoe
419 3638 537 3696 evenire
559 3655 619 3694 non
640 3638 770 3712 potest.²)

286 3842 313 3899 3.
346 3841 423 3902 Satis
456 3839 625 3917 frequenter
659 3840 801 3900 Arrianus
838 3842 869 3898 in
905 3840 1157 3900 dissertationibus
1194 3830 1324 3923 η’θελον

199 3944 346 4018 particula
375 3932 417 4004 ἂν
447 3960 506 4001 non
536 3943 650 4002 adiectu
677 3943 800 4019 scripsit,
829 3947 862 4001 ut
888 3942 1066 4019 significaret
1086 3960 1161 4018 rem,
1191 3946 1219 4001 et
1248 3960 1323 4017 quae

201 4044 304 4105 confici
332 4046 433 4121 possit,
465 4048 494 4104 et
523 4062 598 4120 quae
622 4044 726 4105 confici
747 4064 807 4105 non
828 4049 928 4121 posset
951 4046 999 4123 [N.
1015 4045 1063 4122 T.]
1107 4047 1209 4119 Itaque
1230 4044 1324 4103 forma

285 4261 307 4330 ¹)
324 4260 553 4328 Ktihner-Gerth‚
572 4260 689 4316 Gramm.
702 4261 748 4316 Gr.
760 4260 788 4314 11
802 4267 824 4330 1,
835 4266 930 4330 215eq.

285 4347 310 4415 ¹)
327 4347 431 4402 Locum
449 4345 490 4402 IV
504 4351 527 4416 1,
538 4350 569 4400 23
588 4351 739 4416 praetereo,
758 4362 813 4416 quo
831 4345 912 4402 facile
931 4339 967 4400 ev
983 4345 1150 4415 suppleatur.
