3030 5018
1282 320 1323 377 73

284 475 416 567 [Furiae
431 515 474 540 =
488 482 558 551 ἐκεῖ
578 489 628 565 (et.
642 492 679 550 N.
693 491 742 568 T.)
763 493 856 551 semel
877 496 973 552 exstat
994 493 1026 550 iu
1046 492 1146 552 indice
1167 492 1258 552 858:

283 618 410 702 ἐξέσται
440 617 503 707 γάρ
532 639 596 700 σοι,
624 613 737 706 ὥσπερ
767 623 874 690 ἐκεῖσε
903 628 1017 691 πᾶσαν
1044 632 1098 704 (se.
1119 621 1184 711 τήν
1212 629 1323 704 ναῦν),

194 713 291 790 οὕτω
313 715 465 789 κάνθάδε
485 727 600 791 πᾶσαν
621 728 790 808 κυβερνᾶν
810 720 939 807 πόλιν]

566 918 593 976 5.
628 905 800 999 ἀλλαχοῦ
830 920 958 994 „ulio“.

281 1053 443 1126 11123‚22
467 1043 575 1114 ἄλλον
597 1039 747 1133 ἇλλοχοῦ
770 1047 905 1134 ἔπεμπε.

284 1172 329 1232 ΙΠ
344 1172 426 1246 26,4
446 1164 524 1256 μήτι
546 1169 603 1232 καὶ
626 1170 645 1232 ὁ
666 1169 807 1234 ἐκείνων
828 1166 922 1254 λιμὸς
948 1170 1097 1254 ἀλλαχοῦ
1122 1195 1193 1235 που
1215 1173 1326 1255 uiua,-

524 1363 551 1420 6.
582 1380 661 1423 που
687 1361 793 1421 indes.
823 1364 1002 1438 „aliqu0“.

282 1499 423 1571 11110,5
460 1493 538 1560 πού
575 1486 653 1561 ποτ’
691 1487 887 1561 ἀπελθόντα
919 1498 983 1561 τοῦ
1012 1496 1185 1580 σωματίου
1214 1495 1324 1579 ἔταμε·

196 1601 341 1661 λεῑοθαι.

282 1719 324 1779 IV
341 1720 389 1792 11,
404 1721 442 1777 16
464 1709 485 1799 ἢ
510 1711 632 1783 ἄπελθ’
653 1716 700 1793 εἰς
721 1716 859 1804 ἐρημίαν
880 1717 951 1782 πού
975 1741 1068 1783 ποτε.

281 1839 327 1897 III
344 1840 391 1914 16,
407 1840 444 1897 10
465 1830 599 1921 μακρὰν
622 1822 686 1900 οὖν
709 1833 775 1901 uiuri
791 1840 855 1901 τοῦ
869 1837 967 1924 ἡλίου
982 1833 1052 1902 πού
1066 1860 1149 1901 ποτε
1167 1834 1322 1921 inclytus.

282 1958 327 2018 ΙΙΙ
342 1958 422 2032 24,ss
444 1956 526 2040 μηδ’
546 1945 638 2041 ἡμεῖς
659 1979 729 2021 που
753 1957 988 2041 ἀποδημῶμεν.

282 2078 313 2137 11
328 2078 355 2152 4,
368 2079 386 2138 5
403 2068 445 2140 ού
460 2075 573 2151 θέλεις
589 2061 652 2140 οὖν
668 2071 808 2161 ῥιφῆναί
822 2099 891 2141 που
906 2077 964 2140 καί
979 2072 1081 2153 αὐτὸς
1095 2075 1150 2141 ἐπὶ
1165 2078 1322 2161 κοπρίαν.

715 2389 732 2458 5
758 2385 806 2444 14.

574 2520 627 2586 Ito
650 2520 947 2602 particulam.

282 2661 451 2720 Particulue
484 2657 653 2718 indefinitae
686 2654 770 2719 ποτὲ
804 2676 906 2718 seusus
939 2660 1110 2734 temporalis
1143 2676 1206 2717 esse
1237 2661 1324 2729 solet3

196 2762 249 2822 sed
279 2781 339 2821 nou
368 2780 464 2838 pauca
493 2763 655 2821 recentiore
685 2766 781 2822 aetate
812 2763 1001 2821 inveniuntur
1029 2762 1167 2836 exempla
1197 2762 1244 2837 [N.
1268 2763 1323 2837 T.],

196 2865 302 2939 quibus
324 2863 498 2940 quibusdam
520 2865 740 2940 pronominibus
761 2883 795 2923 ac
809 2864 964 2941 particulis
979 2862 1138 2920 indefinitis
1154 2864 1195 2920 ita
1210 2863 1324 2921 adiecta

196 2970 240 3025 est
261 2964 355 3041 ποτέ,
379 2972 411 3026 ut
432 2969 533 3026 valeat
555 2966 594 3025 ad
617 2967 783 3041 augendam
805 2984 904 3024 earum
927 2966 986 3022 vim
1009 2970 1037 3022 et
1060 2965 1273 3025 cumulandam.

281 3070 355 3130 Inde
379 3072 448 3129 bina
477 3071 624 3129 vocabula
654 3069 738 3142 quasi
767 3070 797 3125 iu
826 3070 944 3143 singula
976 3072 1078 3126 coacta
1107 3085 1153 3142 ap.
1169 3068 1223 3143 Ep.
1246 3085 1323 3125 eom-

195 3176 301 3248 pareut
322 3172 408 3232 haee:

287 3293 311 3351 1.
344 3289 393 3364 τίς
415 3311 498 3354 ποτε
525 3291 681 3366 „quidam“
711 3293 740 3348 et
762 3289 937 3347 substantivi
963 3293 991 3347 et
1014 3289 1150 3349 adiectivi
1173 3290 1247 3360 10c0,
1271 3291 1322 3347 im-

197 3394 298 3469 primis
331 3397 465 3452 ueutrum
503 3391 621 3454 τίποτε
659 3391 854 3465 „quiddam“.
909 3390 1012 3466 [Apud
1046 3391 1174 3450 Graecos
1207 3395 1322 3448 nostrae

196 3498 300 3556 aetatis
323 3500 352 3555 et
377 3496 551 3571 „quiddam“
578 3501 607 3557 et
631 3494 767 3571 „nihil“.]

283 3619 310 3675 2.
344 3615 499 3678 ποῦποτε
525 3617 661 3691 „aliqu0“
690 3614 834 3690 „alicubi“
860 3613 1049 3673 indefinitum.

283 3736 311 3795 3.
343 3735 504 3796 πῶοποτε
530 3736 669 3809 „aliqua“
699 3736 903 3809 „utcumque“.

282 3870 427 3945 Exempla
450 3869 523 3928 haec
545 3869 648 3929 habes:

453 4041 477 4097 l.
510 4041 539 4113 a)
569 4037 628 4112 τίς
653 4059 751 4100 ποτε
779 4038 952 4097 adiectivi
979 4040 1066 4098 loco.

282 4175 423 4249 1111,14
446 4167 522 4235 τινά
544 4165 620 4235 ποτ’
644 4163 761 4236 ἇκούοο
782 4172 966 4254 Πολέμωνα
989 4170 1024 4253 ἐξ
1046 4164 1321 4237 ακολαοτοτάτου

198 4273 375 4339 νεανίσκου
398 4270 568 4360 τοσαύτην
589 4266 779 4362 μεταβολὴν
799 4277 1007 4357 μεταβαλεῖν.
