3030 5018
1281 297 1324 355 63

200 467 251 527 via
271 465 414 545 proficere
435 467 592 543 intellegis,
621 461 719 550 πόσῳ
740 464 864 546 μείζων
887 461 975 528 αἰτία
997 463 1118 541 θυσίας
1139 456 1160 551 ἢ
1182 463 1324 529 ὑπατεία

200 557 221 653 ἢ
244 565 454 652 ἐπαρχεία.““
497 568 594 641 Quare
616 569 810 646 praeferenda
832 569 948 629 videtur
963 569 1037 629 haee
1052 571 1264 645 interpretatio:
1288 572 1325 645 et,

200 688 364 732 sermonem
387 689 450 732 esse
472 672 509 732 de
531 673 698 733 muneribus
719 675 770 732 vel
784 671 942 731 honoribus
958 672 1129 746 quibusdam
1143 674 1326 748 intellegitur

201 791 240 833 ex
261 791 306 848 eo,
328 773 407 851 qnod
429 774 474 834 hie
493 776 661 853 opponitur,
690 765 754 856 τήν
783 767 988 857 τηλικαύτην
1018 766 1120 858 ἀρχὴν
1148 767 1242 856 παρὰ
1261 773 1325 836 τοῦ

202 868 279 949 Διὸς
311 869 482 959 εἰληφότα.
538 879 657 936 Poterat
693 894 762 936 vero
799 878 880 936 varie
917 879 1005 950 atque
1041 878 1122 935 varie
1159 876 1325 950 detorqueri

201 979 337 1038 Latinum
358 980 435 1039 illud
456 981 631 1041 vocabulum
654 999 672 1038 a
692 980 819 1054 Graecia,
842 997 876 1038 ao
899 979 1006 1038 deiude
1029 998 1128 1039 rumne
1150 998 1168 1038 a
1188 979 1323 1041 librariis.

201 1079 282 1139 Libri
304 1100 374 1141 vero
396 1083 488 1141 nostri
510 1081 583 1140 nihil
605 1083 741 1142 mutauit
784 1083 818 1139 In
833 1081 889 1140 hae
911 1099 942 1139 re
965 1080 1082 1155 quidem
1104 1081 1245 1140 assentior
1260 1083 1323 1140 viro

201 1184 456 1258 excellentissimo,
487 1184 664 1243 vocabulum
694 1201 731 1243 er
760 1182 881 1259 „officiis
909 1187 1003 1242 ortum
1030 1200 1105 1255 eese3
1135 1202 1230 1259 neque
1253 1202 1323 1242 vero

200 1281 369 1360 ὀπτικίοις
390 1291 471 1346 reete
492 1286 638 1360 traditum,
660 1286 712 1345 sed
735 1283 934 1363 ὀπφικλοιςλ)
956 1284 1141 1345 scribendum
1162 1303 1226 1344 esee
1240 1290 1324 1360 put03

200 1405 269 1446 nam
290 1405 328 1447 ex
349 1389 512 1448 litterarum
534 1388 640 1462 formis,
664 1405 738 1463 qnae
761 1390 792 1446 in
813 1388 933 1464 papyris
948 1389 1059 1446 eaeouli
1072 1389 1158 1462 primi
1174 1389 1323 1462 exsistunt

200 1495 325 1567 apparet
340 1490 428 1551 taeile
443 1491 552 1550 tantum
568 1509 631 1551 ease
646 1508 741 1567 posse,
756 1494 788 1549 nt
804 1492 830 1551 T
836 1507 889 1566 pro
905 1491 935 1551 Φ
946 1508 1100 1567 perperam
1115 1491 1324 1568 seriberetnrfl)

285 1609 460 1692 μούρρινα
483 1613 638 1685 1119,21:
662 1605 701 1673 σύ
726 1605 962 1693 κρυστάλλινα,
994 1603 1058 1691 ἐγώ
1081 1604 1123 1673 τὰ
1151 1610 1215 1673 τοῦ
1244 1627 1324 1691 wev-

200 1710 362 1792 ὁομέαου·
392 1707 432 1775 σύ
455 1707 631 1795 μούρριαα,
662 1703 727 1793 ἐγώ
755 1706 797 1775 τὰ
826 1713 889 1775 τοῦ
918 1707 1189 1792 ἀποφάσκοντος.
1234 1716 1322 1773 Anno

199 1816 268 1876 LXI
298 1836 324 1878 a.
343 1816 410 1878 Chr.
432 1837 460 1876 n.
484 1836 501 1875 a
531 1818 670 1893 Pompeio
701 1834 788 1889 „vasa
819 1818 964 1874 murrina“
994 1834 1030 1875 ex
1060 1819 1171 1876 oriente
1199 1817 1322 1892 primum

200 1921 323 1978 Romam
346 1920 541 1992 delatarum,
569 1937 644 1994 qnae
667 1918 772 1979 Graeci
793 1906 813 1999 ἡ
837 1916 958 1999 pupplo
982 1911 1044 1990 (τὰ
1063 1913 1204 1999 μόρρια)
1227 1916 1323 1996 [Pane.

199 2021 272 2080 VIII
290 2023 336 2098 18,
349 2021 378 2100 λ]
401 2023 451 2080 vel
473 2017 499 2104 ἦ
513 2018 655 2102 μορρλιή
678 2023 728 2097 (ee.
746 2018 852 2092 λιθία)
875 2021 977 2097 [(Αη.)
1000 2021 1105 2096 peripl.
1120 2039 1156 2078 m.
1171 2020 1273 2094 Eryth.
1290 2020 1322 2096 6]

198 2126 396 2185 nominabant.
440 2125 575 2186 Ooeurrit
589 2126 663 2183 alias
687 2122 791 2201 [(Arr.)
814 2126 919 2200 peripl.
935 2143 971 2182 m.
987 2124 1088 2198 Eryth.
1103 2123 1155 2203 48]
1179 2125 1323 2201 scriptura

198 2224 373 2309 μουρρλνη,
403 2245 478 2302 quae
507 2246 544 2286 ex
574 2228 680 2285 Latina
705 2227 867 2301 „murrina“
894 2226 1010 2285 videtur
1039 2227 1214 2307 transcripta
1245 2245 1322 2298 eese;

199 2330 363 2390 aeenratiue
385 2329 442 2390 hoe
470 2329 579 2389 iaetum
601 2328 732 2388 videmus
758 2329 790 2386 in
820 2346 893 2387 vooe
915 2329 1068 2404 Epictetea
1088 2322 1262 2409 μούρρινα,
1292 2331 1321 2386 in

199 2450 258 2509 qna
286 2450 346 2492 non
375 2434 470 2492 solnm
500 2433 602 2491 littera
628 2435 693 2511 ,,μ“
716 2430 900 2507 diphthongo
927 2434 1011 2506 „ov“
1041 2431 1154 2490 aontius
1183 2448 1323 2507 expressa

198 2540 245 2595 est
266 2535 353 2613 (quae
376 2553 422 2594 res
444 2535 583 2611 imprimis
607 2539 650 2594 est
671 2535 875 2611 imperatoriae
898 2535 1013 2609 aetatIs)
1039 2534 1091 2593 sed
1121 2536 1207 2594 etiam
1229 2551 1322 2610 genus

198 2643 333 2698 neutrum
354 2638 493 2697 vocabuli
515 2636 612 2696 Latini
633 2642 782 2698 servatum
804 2641 856 2696 eet.

762 2931 809 2991 11.

349 3044 401 3110 lle
423 3061 550 3111 uocum
573 2927 786 3110 notione§ab
809 3044 930 3111 Attiou
952 3043 1170 3111 discedente.

285 3187 311 3243 1.
341 3184 468 3242 Primum
485 3183 730 3243 enumerabuntur
741 3185 895 3259 voeabula,
911 3201 1032 3258 quornm
1045 3202 1145 3245 senens
1157 3185 1319 3244 Stoicorum

196 3288 330 3347 (lontrina
352 3290 543 3346 eommutatne
566 3290 620 3344 eet:

281 3399 481 3487 πρό-θεσις
503 3406 681 3479 „eonsilium
703 3407 857 3464 voluntae“
878 3407 971 3466 sexies
993 3409 1042 3466 vel
1064 3409 1172 3484 septies
1196 3407 1317 3483 [121‚2

194 3529 249 3588 pro
278 3506 484 3590 προσ-θέσει
514 3510 693 3585 seripserunt
713 3509 884 3568 Meibomine
911 3513 940 3569 et
962 3510 1086 3569 Wolfiue
1115 3508 1318 3592 apo-tiore}

281 3675 301 3743 ¹)
321 3675 430 3729 Cornea.

280 3763 302 3829 ²)
321 3760 401 3823 Quod
419 3759 536 3814 Wolfiua
554 3759 735 3828 Uptonueque
756 3776 832 3813 enam
855 3760 1037 3814 coniecturam
1057 3776 1089 3813 ex
1113 3760 1198 3815 libelli
1220 3762 1317 3816 biblio-

193 3846 291 3901 thecae
303 3845 474 3914 Fuggeriana
489 3844 593 3912 etitulo,
612 3845 659 3913 qui
676 3850 717 3898 eet
732 3845 855 3913 Οφρίκια
873 3849 924 3897 τοῦ
937 3846 1089 3910 Παλατίου,
1106 3852 1317 3915 assumpserunt,

193 3932 221 3985 in
239 3932 286 3985 Illo
304 3931 384 3985 titulo
398 3930 596 3984 emendandum
609 3936 651 3983 eet
666 3922 810 3998 'Oppimca
829 3945 899 3997 quae
916 3929 1003 3984 forma
1015 3930 1105 3983 infima
1116 3936 1206 3985 aetate
1217 3932 1318 4000 legitur

193 4017 267 4086 apud
292 4016 402 4085 Olymp.
422 4020 516 4082 1511,3;
536 4019 629 4082 tlte,
653 4014 713 4067 Zos.
727 4021 767 4082 91,
792 4014 865 4067 Chal.
879 4019 928 4068 849
939 4015 969 4082 B,
997 4020 1061 4069 1089
1071 4015 1105 4082 A,
1129 4016 1221 4073 Cenat.
1236 4018 1317 4085 (536),

195 4102 300 4169 1211110,
319 4101 389 4170 Lyd.
406 4104 461 4167 119,
480 4099 557 4162 Quin.
571 4098 633 4152 Can.
646 4105 673 4164 'l;
692 4104 834 4167 praeterea
849 4104 988 4167 comparet
999 4099 1163 4154 adieetivnm
1183 4094 1317 4168 όφφικιά-

193 4189 298 4252 λιοςε
307 4185 435 4243 officialis
453 4186 520 4239 Eua.
533 4183 559 4236 11
569 4188 618 4237 833
628 4183 662 4252 A,
681 4184 740 4238 Bae.
750 4182 798 4252 lv,
810 4188 858 4237 113
868 4183 902 4252 Α,
921 4185 1018 4239 hlaoar.
1030 4189 1078 4238 133
1090 4186 1123 4252 D,
1145 4185 1245 4254 Porph.
1256 4186 1315 4241 Cer.

196 4277 276 4343 1o,e;
294 4277 412 4343 rou,1o;
431 4273 539 4339 uram.
