3030 5018
592 1266 855 1408 Praefatio.

245 1639 421 1727 „Hdcoddc
436 1641 505 1707 ἐστι
520 1642 576 1706 καὶ
592 1638 654 1718 ἕως
668 1636 709 1707 τὸ
725 1647 849 1707 πλοῖον
863 1641 1092 1726 μισθούμεθα,
1109 1639 1286 1727 δυνάμεθα

162 1744 217 1807 καὶ
239 1744 438 1828 Ἐπίκτητον
465 1743 563 1807 ἰδεῖν·
599 1743 731 1826 ἴδωμεν,
758 1745 875 1808 τίποτε
903 1744 1022 1828 λέγει.“
1056 1740 1114 1809 εἶτ’
1135 1743 1286 1826 ἐξελθών

161 1839 283 1926 „odd'bv
302 1833 343 1932 ἦν
360 1836 377 1911 ὁ
395 1840 618 1930 Ἐπίκτητος.“
650 1847 744 1921 τίνος
758 1842 820 1930 γὰρ
837 1839 944 1911 ἄλλου
960 1848 1070 1930 κριταὶ
1086 1847 1287 1931 εἰσέρχεσθε;

247 1988 300 2045 His
322 1987 418 2045 verbis
440 1987 590 2060 Epictetus
613 2002 663 2043 eos
684 1985 912 2060 reprehendit,¹)
935 1987 985 2060 qui
1008 1987 1091 2060 quasi
1111 1988 1142 2046 in
1164 1990 1287 2046 transitu

162 2087 332 2164 philosophi
370 2088 525 2145 clarissimi
562 2088 721 2145 orationem
758 2091 872 2146 acutam
906 2105 941 2146 ac
973 2090 1096 2164 politam
1128 2090 1287 2148 veniebant

163 2189 297 2260 audituri,
327 2206 387 2246 uon
410 2206 476 2247 suos
498 2205 592 2246 mores
615 2190 781 2248 correcturi.
824 2188 883 2247 Sed
912 2190 959 2247 illi
987 2190 1017 2246 in
1046 2189 1103 2249 hoc
1126 2194 1205 2250 certe
1227 2210 1287 2250 uon

164 2293 342 2362 erraverunt,
366 2289 444 2365 quod
467 2307 629 2348 sermonem
644 2291 826 2365 Epicteteum
850 2294 881 2348 ut
903 2292 997 2350 minus
1012 2293 1177 2367 elegantem
1191 2311 1286 2368 neque
1347 2294 1351 2302 '

163 2397 224 2450 arte
240 2394 429 2467 compositum
446 2392 704 2467 reprehenderunt.
741 2394 778 2450 Et
794 2410 968 2467 quamquam
985 2393 1102 2452 dubium
1118 2397 1169 2470 est,
1191 2399 1286 2454 utrum

161 2496 207 2553 illi
229 2496 259 2552 iu
282 2513 316 2553 eo
340 2495 527 2567 offenderint,
557 2494 634 2569 quod
658 2513 741 2554 usum
764 2497 930 2571 elegantem
953 2497 1032 2554 illius
1055 2498 1167 2568 aetatis,
1197 2516 1235 2555 au
1256 2498 1287 2555 iu

162 2615 209 2671 eo,
237 2598 314 2672 quod
337 2597 490 2656 Atthidem
512 2615 572 2655 nou
593 2599 762 2672 imitaretur,
791 2616 857 2672 uos,
889 2599 992 2673 quibus
1014 2617 1073 2657 non
1095 2600 1151 2657 uisi
1173 2599 1287 2658 Atticus

162 2718 255 2759 sermo
278 2701 394 2775 penitus
417 2705 503 2777 notus
526 2704 577 2772 est,
599 2700 656 2759 hac
678 2719 780 2759 norma
795 2703 838 2759 usi
853 2703 1034 2776 Epicteteam
1050 2702 1286 2760 consuetudinem

161 2821 340 2878 cognoscere
356 2802 503 2863 debemus.
533 2804 570 2861 Et
586 2803 622 2861 ab
637 2802 694 2862 hoe
711 2804 815 2877 quibrrs
826 2804 913 2862 rebus
926 2803 1099 2876 discesserit,
1114 2805 1286 2879 singillatim

162 2905 281 2964 definire
304 2909 333 2964 et
351 2907 382 2963 in
396 2907 493 2964 lucem
509 2904 641 2981 proferre
657 2905 726 2964 mihi
741 2907 888 2982 proposui.
932 2905 990 2964 Sed
1006 2909 1093 2964 antea
1109 2907 1287 2982 generaliter

162 3007 198 3066 de
220 3007 276 3066 hac
298 3026 330 3066 re
354 3009 504 3067 disseram.

246 3127 292 3185 Ac
319 3128 442 3202 primum
472 3126 589 3202 quidem
618 3128 709 3203 plane
731 3126 896 3184 Atticorum
926 3127 957 3182 in
986 3125 1104 3184 modum
1132 3128 1287 3186 flectuntur

161 3229 279 3286 nomina
301 3229 428 3286 minutiis
451 3227 624 3302 quibusdam
647 3229 791 3303 exceptis3
814 3245 910 3302 neque
933 3229 1018 3286 aliter
1039 3228 1227 3288 iudicandum
1242 3234 1286 3289 est

161 3329 198 3388 de
227 3330 427 3388 numeralibus
457 3333 486 3388 et
515 3330 546 3387 iu
576 3331 743 3387 universum
771 3329 807 3388 de
829 3330 1061 3405 pronominibus;
1091 3333 1286 3405 nequeenim

161 3433 288 3508 amplius
321 3433 446 3508 pluralis
480 3433 682 3491 reflexivorum
712 3433 825 3507 priscus
856 3433 976 3508 legitur,
1009 3432 1062 3490 sed
1094 3434 1125 3490 in
1154 3434 1286 3493 omuibus

160 3535 294 3609 personis
327 3537 475 3610 comparet
506 3534 599 3592 forma
628 3525 772 3608 ἑαυτῶν,
802 3525 933 3606 ἑαυτοῖς
956 3536 1022 3608 etc,
1053 3536 1140 3621 atque
1169 3537 1201 3592 ut
1230 3521 1286 3596 dds

160 3638 253 3695 rarius
269 3641 363 3695 exstat
379 3655 465 3712 quam
482 3620 592 3711 οὗτος,
607 3637 649 3694 ita
664 3637 780 3695 minime
797 3636 948 3695 obsolevit.
992 3637 1067 3694 Tum
1084 3653 1119 3695 eo
1134 3636 1286 3712 Epictetus

161 3738 197 3796 ab
220 3756 275 3796 usu
291 3740 327 3799 N.
343 3741 377 3798 Τ.
394 3740 508 3798 alienus
531 3757 565 3798 ae
581 3738 688 3797 Atticis
710 3740 832 3797 similior
854 3738 969 3796 videtur
992 3755 1063 3810 esse,
1087 3738 1164 3811 quod
1178 3738 1286 3813 gradus

160 3841 355 3916 superlativus
376 3840 544 3915 frequenter
566 3841 712 3899 inuenitur
734 3858 789 3899 nec
804 3841 911 3914 ubique
930 3857 984 3915 pro
1004 3840 1113 3897 elativo
1132 3838 1286 3899 habendus

161 3946 217 4014 est;
240 3945 269 4001 et
290 3942 397 4001 frustra
419 3944 567 4017 quaeritur
590 3945 687 4015 locus,
711 3960 768 4017 quo
791 3942 1007 4017 comparativus
1028 3958 1083 4017 pro
1106 3943 1284 4017 superlativo

161 4034 271 4119 positus
286 4045 336 4118 sit;
352 4045 422 4119 quin
438 4046 524 4104 etiam
539 4045 684 4103 interdum
700 4048 768 4103 sunt
779 4044 888 4103 formae
899 4044 1041 4118 graduum
1053 4045 1285 4119 comparationis,

246 4264 267 4329 ι)
285 4261 375 4331 Epict.
389 4261 455 4314 diss.
470 4260 547 4328 1119,
562 4265 599 4315 14.

210 4361 417 4406 mimnerxvur.
