3030 5018
196 274 237 333 80

278 446 354 505 Nam
376 447 556 506 enuntiatum
578 447 794 506 consecutivum
824 448 889 506 sola
911 447 1056 522 particula
1077 439 1121 532 μὴ
1149 445 1255 506 inferri
1278 445 1325 505 in·

192 548 322 607 auditum
350 548 477 621 videtnr3
507 566 597 624 quare
619 547 762 608 Salmasio
796 549 931 608 assentiri
959 567 1018 608 non
1048 547 1242 619 morabimur,
1272 549 1326 624 qni

194 655 262 709 ante
283 643 327 732 μὴ
349 651 498 728 supplerit
520 636 575 724 ὥς.

655 821 859 830 ---

279 977 321 1035 IV
337 977 396 1049 6,ss
426 975 570 1051 singulari
600 974 687 1035 mocio
717 975 838 1034 verbnm
860 968 1048 1055 μανθάνειν
1071 976 1202 1050 sequitur
1233 964 1323 1039 ὥστε

195 1097 219 1139 c.
241 1077 306 1138 ini:

278 1212 371 1276 τοῦτ’
401 1207 483 1290 ἔστι,
512 1212 589 1296 περὶ
626 1201 644 1276 ά
675 1208 902 1288 ἐσπούδακας;
932 1202 974 1276 ori
1001 1204 1204 1296 μανθάνειν,
1235 1201 1322 1277 ὥστε

195 1305 323 1390 άλυπος
344 1307 429 1378 εἶναι
447 1364 453 1377 .
471 1364 478 1378 .
497 1338 521 1389 .;

279 1451 315 1511 of.
331 1452 346 1509 Ι
362 1454 410 1526 29,
423 1451 464 1509 24
485 1445 661 1531 μανθάνω,
683 1445 738 1512 ἵνα
760 1469 788 1527 p.
804 1452 845 1510 80
857 1469 900 1538 sq.

716 1811 732 1888 ε
757 1812 805 1869 rs.

584 1945 637 2010 Ile
659 1943 840 2029 particula
863 1946 931 2010 ἵνα.

274 2091 343 2164 Ἵνα
377 2103 509 2160 omnibus
546 2101 714 2161 inferiorum
751 2105 914 2177 temporum
950 2100 1141 2177 scriptoribus
1172 2117 1229 2159 nec
1261 2118 1321 2159 non

196 2205 330 2280 Epicteto
360 2205 545 2263 usitatissima
574 2205 739 2263 coniunctio
769 2208 821 2277 est,
852 2223 869 2262 a
895 2203 1009 2279 quibus,
1037 2202 1212 2277 ubicumque
1241 2203 1320 2276 lieet,

196 2307 348 2382 particulis
371 2304 427 2383 ὠς,
450 2297 544 2379 ὅπως
562 2307 706 2382 praeferri
721 2309 804 2365 solet.
848 2305 906 2366 Sed
928 2308 1082 2382 praeterea
1103 2303 1159 2364 hac
1183 2305 1321 2365 coniunc-

197 2411 275 2469 tione
297 2414 414 2485 praeter
437 2413 548 2468 ceteras
571 2410 722 2486 Epictetus
744 2411 826 2468 varie
847 2426 1003 2485 perperam
1029 2425 1099 2468 usus
1121 2410 1165 2467 est
1186 2406 1322 2467 infinitivi

196 2515 262 2572 loeo
286 2517 314 2572 et
335 2532 389 2590 pro
411 2515 565 2590 particulis
592 2501 689 2589 ὥστε,
720 2502 824 2589 ὅπως,
855 2502 935 2585 οἷος,
965 2499 1017 2591 ἐφ’
1039 2497 1114 2594 ᾧτε,
1145 2512 1238 2571 semel
1266 2528 1321 2588 pro

197 2617 335 2692 optativo,
358 2617 404 2675 oui
426 2605 468 2677 άν
491 2616 591 2675 addita
612 2618 657 2674 sit.

285 2839 311 2898 1.
338 2823 408 2899 Ἵνα
423 2854 447 2895 c.
464 2838 537 2898 coni.
560 2854 613 2912 pro
635 2834 777 2895 infinitivo
800 2840 867 2912 post
888 2837 979 2896 verbe
1001 2837 1166 2913 imperandi
1179 2836 1225 2897 his
1246 2837 1323 2897 locis

198 2943 358 3015 comparet:

280 3095 347 3170 12,
367 3096 405 3152 19
439 3090 726 3176 προσπέμψαντος
759 3081 850 3176 αὐτῷ
886 3089 1157 3171 Οὐεσπασιανοῦ,
1190 3087 1245 3155 ἵνα
1277 3085 1323 3175 μὴ

198 3191 334 3275 εἰσέλθῃ
355 3192 401 3270 εἰς
422 3189 485 3279 τὴν
506 3191 704 3278 σύγκλητον.

283 3333 327 3392 Ill
343 3335 370 3408 7,
385 3334 426 3390 30
449 3326 621 3415 Γραψάτοε
643 3347 696 3394 σοι
719 3327 769 3415 [sc.
786 3332 937 3412 Καῖσαρ],
960 3327 1015 3393 ἵνα
1030 3329 1145 3414 κρίνῃς
1159 3328 1236 3413 περὶ
1251 3328 1325 3392 τῶν

198 3447 377 3514 μουσικων.

283 3571 327 3629 111
343 3571 441 3647 aeae
465 3566 539 3650 οὐχὶ
563 3567 598 3632 δὲ
619 3565 727 3650 μόνον
744 3573 796 3644 [sc.
813 3567 919 3650 λέγω],
942 3565 997 3632 ἵνα
1011 3562 1139 3652 πράξῃς
1154 3563 1194 3631 τὸ
1211 3567 1326 3652 σαυτῷ

198 3669 333 3753 πρέπον
340 3695 352 3748 ,·

285 3809 327 3868 IV
345 3810 392 3883 11,
406 3811 444 3868 29
466 3806 571 3891 χοίρῳ
594 3805 760 3890 διαλέγου,
791 3797 833 3869 ἵν’
854 3804 892 3870 ἐν
914 3802 1070 3890 βορβόρῳ
1092 3801 1136 3891 μὴ
1158 3804 1325 3890 κυλίηται.

286 4032 313 4090 2.
346 4031 450 4090 Verbis
480 4019 649 4110 εὔχεσθαι,
679 4024 850 4103 ἱκετεύειν,
881 4026 1151 4111 κατασκευάζειν,
1182 4018 1327 4109 άφιέναι,

199 4130 402 4215 περιμένειν,
431 4129 619 4212 ἀναμένειν,
649 4141 775 4209 ποιεῖν,
809 4126 996 4212 μανθάνειν
1029 4136 1126 4211 prisea
1155 4137 1251 4193 aetate
1281 4135 1326 4193 in·

200 4234 327 4296 finitivus
349 4235 573 4310 adiungebatur3
596 4235 747 4311 Epictetus
770 4227 825 4296 ἵνα
845 4236 942 4311 posuit
964 4235 1010 4295 his
1032 4238 1118 4296 locis:
