3030 5018
1278 302 1315 361 61

195 477 290 552 gentis
324 476 448 536 dialeoto
486 483 688 536 conservatam
725 492 790 535 esse
826 475 1054 549 antiquissimam
1090 473 1248 533 numeralis
1283 466 1317 551 ἕξ

195 577 317 638 formam
348 578 434 638 doeet
459 579 512 638 ille
534 580 580 637 vir
603 579 794 638 doctissimus.
837 577 909 637 Inde
931 581 1027 637 aetate
1049 576 1187 636 inferiore
1208 578 1239 635 in
1260 577 1317 634 lin·

196 699 282 756 gnum
306 698 486 740 communem
508 680 632 741 fortasse
655 679 770 762 ξέστης
784 684 932 755 reeoptnm
949 683 1001 742 est.
1044 680 1158 738 Tamen
1173 682 1201 738 et
1216 695 1318 737 vooem

197 788 225 843 et
252 801 417 844 mensnram
447 803 506 843 non
536 791 603 843 unte
627 786 786 844 Romanam
810 787 934 842 aetatem
964 784 994 840 in
1021 781 1173 842 Graeoiam
1204 782 1317 840 venisse

196 887 415 947 eoncedendum
438 891 490 947 est.

281 988 457 1071 πέρπερος
490 1008 600 1064 „vanus
631 991 809 1049 ostentator“
842 990 886 1048 III
901 991 928 1062 2,
943 989 981 1047 14
1013 989 1098 1065 [ΡοΙ.,
1128 989 1207 1048 Sext.
1222 987 1317 1064 Emp.]

196 1086 484 1174 {assumendorum
505 1095 534 1152 II
551 1095 577 1165 1,
590 1093 630 1151 34
654 1094 768 1169 [Oieero
784 1093 822 1151 ad
836 1093 906 1165 Art,
929 1093 1017 1152 Maro.
1032 1094 1115 1164 Ant.;
1137 1084 1319 1172 περπερεύ-

197 1216 275 1277 ομαι
296 1198 333 1256 Ν.
346 1196 393 1273 Τ.]
437 1197 522 1255 Viros
546 1196 647 1255 dootos
670 1197 818 1254 Prelluitz
842 1199 870 1253 et
884 1196 916 1254 L.
933 1195 1034 1268 Meyer
1055 1194 1131 1253 falso
1153 1194 1210 1253 hoo
1232 1212 1318 1253 voea-

195 1299 295 1357 bulum
326 1318 344 1357 a
373 1300 478 1357 Latino
512 1300 695 1374 „perperus“
729 1299 851 1375 [Aeoius
881 1317 927 1374 ap.
949 1299 1025 1356 Non.
1050 1295 1121 1376 150]
1152 1298 1203 1356 vel
1235 1315 1319 1372 „per-

195 1403 313 1477 peram“
348 1401 495 1460 derivasse
523 1419 560 1459 ox
583 1418 617 1460 eo
640 1405 770 1477 apparet,
800 1401 878 1475 quod
900 1403 987 1476 poeta
1010 1400 1179 1459 oomoediue
1201 1399 1320 1475 qnidam

196 1503 423 1562 Demosthenem
440 1503 511 1562 dixit
523 1496 861 1586 ῥωποπερπερήθραν
872 1504 969 1580 [Pius
985 1504 1067 1561 Dem.
1083 1503 1110 1576 8,
1126 1503 1210 1577 Diog.
1222 1503 1318 1564 Laert.

196 1605 223 1663 Il
241 1606 324 1681 108}
368 1606 453 1665 Unde
476 1610 571 1664 autom
595 1604 780 1664 descenderit
800 1603 977 1685 πίρπερος,
999 1605 1107 1664 neseio.

280 1721 442 1807 γογγύζω
472 1727 550 1801 129,
563 1726 602 1784 55
635 1726 677 1784 IV
694 1727 720 1799 1,
734 1727 772 1783 79
804 1726 988 1802 [Poll.V89
1012 1721 1118 1798 εἴποις
1149 1712 1181 1786 δ’
1205 1714 1317 1788 ἂν...

195 1829 392 1908 περιστερᾶς
425 1821 610 1911 γογγύζειν]
647 1845 778 1904 „musso,
811 1829 964 1886 mussito“.
1012 1829 1104 1886 Huius
1136 1829 1219 1886 verbi
1252 1829 1318 1886 loeo

196 1930 301 1991 Graeoi
338 1933 533 2005 elegantiores
570 1932 726 1990 utebantur
756 1922 935 2011 τονθρίζω
969 1933 999 1988 et
1034 1923 1250 2009 τονθορύζως
1283 1931 1319 1990 of.

196 2032 306 2107 Phryn.
321 2034 394 2092 358:
427 2027 621 2114 Γογγνσμός
652 2030 707 2093 καὶ
738 2027 928 2114 γογγύζειν·
953 2032 1058 2093 ταῦτα
1089 2025 1230 2113 α’ὸόκιμα
1259 2029 1320 2112 μὲν

197 2123 262 2196 οὐκ
285 2128 386 2207 ἔστιν,
408 2122 493 2198 Ἰακὰ
517 2133 560 2196 δέ.
610 2134 811 2216 Φωκοίίόην
833 2128 895 2216 γὰρ
912 2126 988 2196 οἶδα
1010 2133 1212 2217 κεχρημένον
1227 2131 1320 2217 αὐτῷ

196 2229 258 2300 τὸν
281 2232 458 2320 Μιλήσιον,
489 2229 594 2317 ἄνδρα
620 2231 768 2299 παλαιὸν
790 2230 929 2319 σφόδρα.

349 2339 439 2417 ,Καὶ
461 2334 539 2402 τόδε
566 2337 787 2402 Φωκυίίόεω·
808 2333 871 2421 χρή
887 2361 940 2402 τοι
962 2334 1025 2403 τὸν
1044 2333 1178 2420 ἑταῖρον
1197 2333 1319 2423 ἑταίρω

350 2441 551 2524 φροντίζειν,
569 2433 638 2505 ἅσσ
653 2432 694 2504 ἂν
715 2437 992 2524 τιερι-γογγύζωσι
1028 2443 1196 2505 τοίῑται.“

190 2534 285 2607 Ἀλλὰ
307 2544 411 2607 τοῦτο
434 2543 495 2626 μὲν
512 2535 621 2607 Ἴωσιν
644 2533 813 2623 ἀφείσθω·
843 2532 934 2629 ἡμεῖς
962 2542 998 2606 δὲ
1025 2537 1242 2627 τονθρνσμόν
1264 2543 1320 2606 καὶ

196 2639 400 2727 τονθρύζειν
431 2645 587 2727 λέγωμεν,
610 2635 629 2730 ἢ
654 2639 693 2730 νὴ
716 2643 777 2708 Δία
800 2639 862 2709 σὺν
888 2646 938 2728 τῷ
960 2666 978 2708 ο
1002 2639 1242 2728 τονθορυσμόν
1264 2643 1321 2707 καὶ

196 2743 431 2827 τονθορύζων.
446 2741 612 2829 [γογγύζω
624 2750 752 2809 oeeurrit
763 2751 792 2807 in
805 2749 894 2824 LXX,
905 2751 941 2810 N.
951 2750 985 2808 T.
998 2753 1027 2808 et
1039 2749 1117 2825 apud
1128 2751 1217 2808 Maro.
1229 2749 1321 2825 Ant.].

281 2863 482 2951 κράββατος
502 2869 635 2942 12414
659 2874 687 2929 et

281 2982 533 3069 κραβίβ>άτιον
555 2990 599 3047 ΠΙ
615 2992 664 3063 22,
677 2992 714 3047 71
730 2994 759 3049 et
771 2989 811 3047 74
840 2989 1030 3064 (deminutum
1054 3007 1090 3048 ex
1112 2981 1321 3069 κράββατος).

196 3092 320 3149 Romani
335 3092 440 3149 litteris
456 3093 705 3151 transscribebant
723 3091 922 3166 „grabatum“.
955 3091 1092 3150 Primitns
1107 3109 1209 3150 voeem
1225 3093 1320 3150 Maee-

198 3192 304 3250 donnm
326 3193 414 3252 fnisse
444 3193 530 3253 doeet
551 3195 660 3252 Pollux
688 3194 737 3268 (X
750 3193 817 3269 35);
840 3211 913 3268 qnos
941 3211 995 3269 pro
1026 3190 1198 3274 σκίμπους,
1229 3208 1321 3274 σκιμ-

196 3287 321 3356 πόδιον·
344 3295 451 3354 dixisse
474 3288 671 3376 κράββατος,
698 3288 914 3376 κραββοίτιον,
945 3296 1028 3354 onius
1057 3297 1102 3354 vis
1132 3299 1176 3355 est
1208 3297 1321 3370 „loetus

197 3398 292 3471 vilior,
314 3416 403 3456 unum
424 3397 624 3457 tantummodo
647 3399 783 3474 eapiens“
810 3396 962 3474 (Grimm.).

282 3511 410 3599 ξύστρα
432 3519 472 3577 lV
491 3519 590 3590 11,12
613 3521 643 3578 et
664 3515 807 3598 ξυστρίς,
837 3535 913 3592 quae
942 3535 1000 3576 vox
1022 3537 1069 3593 ap.
1084 3519 1137 3592 Ep.
1160 3535 1219 3574 non
1242 3534 1320 3575 oom-

196 3624 288 3694 paret,
310 3622 472 3680 reeentiore
492 3625 586 3681 aetate
601 3622 797 3696 usurpabatur
811 3639 864 3697 pro
881 3618 1031 3700 στλεγγίς
1047 3613 1187 3702 [Aelian.,
1210 3620 1320 3695 seriptt.

197 3721 287 3793 med.;
309 3722 418 3796 Phryn.
435 3722 518 3800 299}
1209 3728 1214 3736 ’

281 3841 488 3922 κοιτωνίτης
508 3843 653 3914 119‚17;
677 3843 757 3916 30,7
777 3842 932 3901 formatum
955 3846 998 3901 est
1014 3861 1031 3900 a
1046 3833 1173 3903 κοτταίν
1195 3842 1319 3919 [seriptt.

197 3942 248 4002 ins.
264 3948 331 4015 aet.;
355 3945 416 4003 Att.
433 3937 713 4025 κατακοιμιστής].

280 4056 417 4144 τρώγλη
441 4065 481 4122 IV
499 4066 525 4134 1,
542 4066 598 4121 167
626 4064 695 4122 inde
722 4064 758 4123 ab
781 4065 942 4123 Aristotele
975 4066 1133 4135 invenitnr;
1166 4065 1199 4123 L.
1218 4065 1321 4137 Meyer

197 4166 374 4224 vocabulum
397 4184 415 4224 a
437 4159 559 4246 τροίγω
581 4165 769 4242 profioisoens
792 4166 876 4239 faeit3
899 4168 1045 4226 voeabula
1067 4167 1169 4227 eadem
1192 4165 1249 4227 fine
1265 4168 1319 4249 -λη

197 4268 340 4328 instrnota
361 4270 458 4328 attulit
480 4265 608 4351 ὁμίχλη,
632 4262 761 4353 ζεύγλη,
785 4265 894 4351 αίγλη,
917 4262 1040 4353 ζάγκίη
1063 4274 1117 4330 ete.
