3030 5018
197 310 238 370 82

282 486 505 561 Insequentibus
528 484 603 546 loeis
625 499 787 562 pronomen
809 480 1006 563 supplendum
1028 485 1084 546 est:

283 624 393 697 110,8
415 616 556 704 πρῶτόν
578 623 629 700 (se.
651 622 769 700 τοῦτο)
792 616 892 699 ἐστιν,
915 615 970 684 ἵνα
992 615 1056 703 έγοὸ
1078 620 1244 705 κοιμηθῶ.

282 761 326 818 ΙΙΙ
343 762 444 834 20,13
474 752 536 821 τὸν
569 753 724 821 θάνατον
754 756 787 820 τί
819 753 986 842 ποιῆσεις,·
1017 757 1050 821 τί
1083 752 1146 842 γάρ
1181 750 1275 836 άλλο,
1304 748 1326 843 ἢ

198 864 247 938 (se.
269 861 387 937 τοῦτο)
411 854 466 922 ἵνα
489 876 525 922 σε
547 853 696 945 κοσμῆοη
718 851 738 942 ἢ
762 856 817 922 ἵνα
840 859 947 941 δείξης
971 855 1058 944 έργφ
1074 909 1080 922 .
1099 909 1131 924 ..

282 998 421 1074 11124,6
444 990 571 1060 τούτου
605 991 666 1079 γάρ
700 989 792 1091 άξιος
815 989 856 1073 εἶ,
892 992 947 1060 ἵνα
976 995 1032 1059 καὶ
1061 998 1133 1060 τῶν
1162 991 1325 1080 κοράκων

196 1099 253 1162 καὶ
275 1100 440 1182 κορωνοάν
463 1087 672 1181 ἀθλιώτερος
693 1093 739 1179 ῆς.

281 1239 325 1296 ΙΠ
342 1238 391 1311 24,
403 1239 444 1296 84
466 1235 517 1310 τίς
540 1227 602 1299 οὖν
624 1234 647 1318 ῆ
667 1228 752 1319 πρὸς
782 1238 886 1300 τοῦτο
910 1227 1062 1321 ἄσκησις·
1090 1238 1233 1321 πρῶτον
1259 1237 1325 1321 μὲν

196 1338 217 1425 ἡ
239 1333 403 1402 ἀνωτάτω
425 1338 480 1400 καὶ
503 1334 696 1422 κυριωτάτη
719 1337 775 1401 καὶ
798 1328 904 1414 εὖθύς
927 1330 1040 1419 ὥσπερ
1063 1333 1322 1417 ἐναύλοις...

198 1439 240 1505 ἵν’
262 1431 345 1505 ὅταν
368 1442 494 1524 καταγῆ
518 1444 571 1519 [se.
591 1436 705 1524 χύτρα,
726 1437 869 1505 ὐάλινον
891 1437 1086 1526 ποτῆριον],
1113 1441 1324 1525 μεμνημένος

195 1536 239 1630 νὴ
260 1547 435 1626 woefflin·

281 1685 323 1742 IV
339 1684 365 1757 5,
379 1684 418 1741 33
442 1691 575 1764 τραχεῖα
604 1675 666 1763 γάρ
696 1676 782 1764 πρὸς
812 1681 845 1744 τί
865 1672 925 1764 ἧος
956 1685 1007 1759 (ee.
1029 1674 1115 1762 πρὸς
1135 1682 1254 1763 τοῦτο)
1278 1671 1322 1746 ἵν’

196 1775 287 1867 έδωρ
312 1782 454 1864 καταχέη
475 1785 534 1869 τῆς
556 1786 711 1870 κεφαλῆς,
735 1776 816 1847 ὅσον
832 1783 888 1846 καὶ
906 1783 1008 1863 θέλει,
1032 1781 1086 1847 ἵνα
1102 1781 1322 1872 καταπατήσῃ

195 1881 256 1950 τὸν
280 1889 488 1950 πλακοῦντα.

283 2111 309 2172 5.
341 2111 376 2168 In
399 2112 555 2169 enuntiatis
579 2112 771 2170 censeeutivis
794 2130 847 2187 pro
871 2100 981 2186 οὕτως
1000 2147 1040 2155 -
1064 2098 1148 2174 ὥστε
1171 2118 1323 2190 comparet

197 2200 306 2286 οὕτως
330 2247 370 2255 -
393 2207 448 2274 ἵνα
471 2213 552 2272 hisee
575 2215 661 2272 loeis:

280 2350 310 2407 II
326 2351 352 2422 2,
368 2351 404 2407 16
429 2336 519 2410 σέτω
540 2342 652 2430 μωρὸς
674 2338 727 2430 ἦν,
751 2344 806 2410 ἵνα
828 2342 872 2431 μῆ
896 2347 959 2430 ἲδη,
983 2338 1034 2412 ὅτι
1051 2400 1057 2412 .
1076 2399 1108 2413 ..

280 2470 325 2527 ΙΙΙ
343 2470 442 2541 12,10
465 2457 528 2528 εἷθ’
553 2458 660 2540 οὕτως
682 2461 845 2552 προβῆση,
869 2464 923 2530 ἵνα
941 2518 947 2532 .
965 2519 972 2532 .
989 2519 995 2531 .
1014 2466 1106 2550 εἴπης
1122 2519 1128 2532 .
1147 2517 1154 2532 .
1172 2519 1178 2532 .

280 2589 439 2661 11126,25
464 2581 572 2649 διὰτί
596 2577 738 2661 δὀέτως
765 2577 930 2671 άχρηστον
956 2587 1013 2651 καὶ
1041 2586 1198 2672 ἀνωφελῆ
1225 2604 1320 2655 σεαυ-

194 2687 256 2753 τὸν
279 2683 536 2769 παρεσκεύακας,
567 2684 620 2751 ἵνα
642 2689 754 2772 μηδείς
782 2706 817 2753 σε
840 2687 885 2764 εἰς
908 2688 1019 2754 οἰκίαν
1041 2690 1125 2772 θέλη
1148 2690 1321 2772 δέξασθαι,

194 2791 307 2876 μηδεὶς
329 2788 586 2876 έπιμεληθῆναι,·

280 2913 415 2985 1V8‚21
447 2908 475 2973 εἰ
506 2909 539 2973 δ’
569 2898 660 2972 οὕτω
690 2903 806 2988 κωφὸς
836 2904 865 2972 εἰ
895 2910 951 2974 καὶ
981 2902 1120 2991 τυφλὸς,
1151 2908 1207 2975 ἵνα
1235 2910 1320 2998 μηδὲ

195 3007 257 3075 τὸν
272 3005 460 3093 Ἥφαιστον
481 3004 718 3094 άπολαμβάνλλς
740 3007 847 3076 καλὸν
867 3012 1014 3095 χαλκέα.
1032 3063 1039 3078 .
1057 3062 1064 3077 .

280 3153 305 3210 Ε
323 3154 369 3226 12,
384 3154 422 3210 10
433 3171 475 3228 sq.
499 3140 558 3232 οάχ
582 3139 689 3225 οὕτως
705 3147 797 3214 ἐστὶν
812 3149 902 3235 αὐτῷ
917 3153 1039 3229 καλῶς,
1063 3148 1118 3214 ἵνα
1133 3147 1185 3215 ἐπ’
1199 3148 1320 3238 ἐκείνῳ

196 3243 215 3333 ἦ
238 3248 277 3315 τὸ
301 3251 335 3316 σὲ
357 3248 401 3338 μὴ
423 3254 640 3335 ταραχθῆναι.

280 3392 402 3474 Saepius
425 3381 533 3465 οέτως
555 3394 690 3452 omissum
714 3396 768 3452 eet:

279 3528 390 3601 127,ss
420 3520 504 3590 ’έστω
535 3523 590 3608 ἐμὲ
617 3520 684 3611 (μῆ)
711 3520 796 3589 εἶναι
818 3522 1026 3611 Σαρπηδόνα
1056 3517 1119 3591 τὸν
1144 3526 1207 3591 τοῦ
1230 3524 1319 3607 Διός,

195 3619 237 3690 ἵν’
260 3617 351 3691 οάτω
374 3628 535 3710 γενναίως
559 3625 654 3692 εἴπω.

279 3750 357 3823 128,
371 3751 408 3807 31
448 3747 612 3831 κρείσσων
648 3743 709 3832 γάρ
743 3746 806 3831 εἰμι
840 3750 901 3812 τοῦ
930 3739 1168 3834 Ἀγαμέμνονος
1200 3743 1221 3836 ἢ
1253 3753 1318 3816 τοῦ

190 3849 366 3931 Ἀχιλλέως,
399 3842 441 3913 ἵν’
472 3847 593 3914 ἐκεῖνοι
622 3852 683 3934 μὲν
712 3847 767 3915 διὰ
788 3846 827 3915 τὸ
852 3851 1083 3938 ἀκολουθῆσαι
1104 3865 1175 3928 τοῖς
1198 3875 1318 3934 φαινο-

193 3950 304 4034 μένοις
333 3954 474 4015 τοιαῦτα
505 3948 592 4016 κακά
621 3949 784 4040 ποιήσωσι
814 3954 868 4017 καὶ
899 3949 1074 4034 πάθωσιν,
1107 3953 1179 4039 ἐμοὶ
1210 3953 1245 4020 δὲ
1273 3952 1319 4043 μῆ

194 4054 277 4138 ἄρκῆ
297 4049 337 4117 τι)
360 4049 579 4138 φαινόμενον·

277 4176 308 4235 ΙΙ
328 4177 355 4250 6,
373 4178 412 4234 23
441 4172 475 4238 τί
505 4169 627 4238 λοιπὸν
657 4163 703 4252 ὠς
732 4173 787 4239 ἐπὶ
813 4169 939 4260 μεγάλα
970 4176 1106 4261 οἷνέρχη;
1134 4170 1320 4260 μικρότερά

193 4274 264 4342 ἐστι
286 4278 345 4365 τῆς
366 4277 590 4361 παρασκευῆς,
613 4274 668 4340 ἵνα
692 4276 767 4361 εἲπη
790 4279 864 4355 νέος
887 4269 1022 4365 εάφυῆς,
1046 4270 1097 4344 ὅτι
1114 4331 1120 4344 .
1138 4329 1169 4344 ..
