3030 5018
284 471 403 547 1116,8
426 462 538 553 ὥσπερ
563 519 593 534 ..
612 519 618 533 .
644 467 766 553 λέγοιτ’
789 460 829 533 ίίν
852 517 905 534 ...

286 592 335 665 24,
353 592 412 651 109
437 581 510 655 ὅσαι
533 582 677 674 γένοιντ’
700 581 750 654 ἂν.

284 731 325 789 IV
342 729 401 808 6‚4
424 716 469 790 δι’
492 722 576 791 οῗων
599 718 641 790 iia
662 726 804 811 γένοιτο.

284 867 404 942 Ε26,8
427 856 465 938 ὃς
487 854 551 928 ουίι
574 856 616 928 ἃν
637 862 734 928 ε’ίποι.

284 1021 333 1079 Βίε
354 1021 386 1078 in
407 1020 559 1080 sententiis
581 1038 634 1096 per
657 1009 710 1083 ὅτι
731 1019 876 1080 inchoatis
898 1025 956 1097 cpt.
979 1039 1003 1080 ο.
1028 1011 1069 1081 ίίν
1091 1022 1230 1080 occurrit:

285 1159 373 1231 18,6
398 1148 451 1218 ὅτι
474 1153 686 1239 προσγένοιτ’
708 1146 759 1219 ἄν.

283 1295 422 1369 1v13,4
445 1285 499 1357 ὅτι
522 1291 585 1358 οὐκ
608 1285 651 1357 ι’ίν
672 1315 757 1357 ποτε
780 1278 882 1370 οὗτος
904 1291 1037 1373 ἐξείποι.

283 1503 314 1576 g)
343 1501 532 1559 Enuntiatum
554 1499 644 1560 finale
666 1519 756 1559 unum
778 1500 896 1559 exhibet
919 1500 1092 1576 optativum:

283 1619 352 1677 int
375 1612 580 1699 παραλαβών
609 1612 671 1680 τόν
703 1616 878 1680 νεανίσκον
908 1611 1000 1699 παρὰ
1029 1617 1093 1679 τοῦ
1124 1611 1239 1702 δήμου,
1267 1613 1320 1679 ἵνα

197 1714 434 1805 τιμωρήσαιτο,
457 1768 510 1784 ...
532 1714 658 1783 τούτου
678 1718 740 1802 μὲν
761 1710 932 1801 ἀπέσχετο.

283 1862 352 1920 Νοο
373 1861 491 1936 neglegi
513 1864 622 1935 potest:

282 1972 524 2062 1111,37‘''4yc
551 1969 622 2056 οὖν,
645 1980 694 2062 τῷ
719 1979 791 2062 θεῷ
817 1980 1023 2060 πεισθῶμεν,
1052 1976 1107 2043 ίνα
1133 1973 1177 2061 μὴ
1204 1974 1322 2060 θεοχό·

197 2083 302 2145 λωτοι
325 2073 432 2164 cipes?
477 2073 536 2146 Ot'i·
567 2071 641 2144 aas
664 2072 707 2143 ἂν
734 2078 795 2162 μὲν
825 2075 930 2163 κόραξ
953 2076 1152 2165 κραυγάζων
1180 2081 1321 2165 σημαίνῃ

197 2184 250 2248 σοί
279 2207 326 2260 τι,
358 2173 419 2266 οὐχ
449 2182 467 2248 c‘
497 2179 602 2264 κόραξ
631 2179 721 2247 ἐστὶν
751 2183 772 2246 u‘
801 2183 987 2267 σημαίνων,
1018 2175 1089 2247 ἀλλ)
1118 2173 1136 2248 ὃ
1166 2179 1247 2259 θεὸς
1277 2183 1323 2247 δι’

198 2284 315 2350 αὐτοῦ·
340 2277 381 2349 ἂν
404 2285 439 2350 δὲ·
455 2275 501 2350 δι’
523 2285 742 2369 ἀνθρωπίνης
761 2289 874 2367 φωνῆς
890 2286 1031 2370 σημαίνῃ
1045 2309 1088 2364 τι,
1110 2280 1172 2349 τὸν
1186 2279 1321 2367 ἄνθρω-

196 2406 265 2451 πον
284 2379 382 2472 (οὖν)
397 2383 529 2472 ποιήσει
552 2386 662 2469 λέγειν
684 2405 737 2450 σοι
752 2389 867 2466 ταῦτα,
891 2389 948 2449 ἵνα
968 2389 1091 2471 γνοίης
1105 2382 1166 2472 τὴν
1182 2383 1323 2469 δύναμιν

196 2492 258 2555 τοῦ
290 2490 475 2574 δαιμονίου,
506 2484 556 2553 ὅτι
578 2501 650 2565 τοϊς
671 2489 731 2571 μὲν
755 2485 872 2570 οὕτως,
898 2502 969 2566 τοῖς
997 2488 1029 2553 δ’
1051 2489 1186 2566 ἐκείνως
1209 2490 1321 2574 σημαί-

197 2615 256 2672 νει,
278 2593 356 2676 περὶ
379 2591 414 2656 δὲ
436 2595 507 2655 τών
532 2591 698 2675 μεγίστων
728 2592 783 2655 καὶ
810 2587 1040 2674 κυριωτάτων,
1071 2588 1181 2672 (deust)
1210 2593 1322 2657 καλλί-

196 2712 279 2759 στου
303 2694 446 2778 α’γγέίοο
469 2694 637 2779 σημαίνει,·

281 2819 328 2877 Fr.
344 2818 475 2877 Blassius
498 2817 608 2877 delevit
629 2819 804 2894 particulam
828 2806 868 2879 οὗ
890 2822 958 2878 ante
977 2811 1107 2902 ποιήσει
1122 2838 1140 2877 a
1155 2822 1321 2878 correctore

197 2920 260 2980 cod.
276 2921 360 2979 Bodl.
383 2922 446 2996 (Sb)
468 2922 606 2979 insertam
629 2925 658 2980 et
677 2922 793 2996 scripsit
819 2916 1073 3004 <προσ>ποιήσης
1095 2925 1251 2997 praeterea
1266 2939 1320 2997 prc

197 3015 252 3082 ἵνα
275 3019 389 3103 γνοίης
411 3023 560 3081 levissima
582 3024 740 3082 mutatione
763 3025 888 3083 restituit
911 3014 953 3085 ἵν’
976 3021 1106 3105 οίγνοης.

282 3208 313 3284 h)
342 3211 444 3284 Itaque
474 3211 541 3269 lccc
571 3210 646 3272 fr.5
682 3215 803 3287 excepte
833 3213 986 3289 particulis
1018 3208 1087 3289 ἵνα,
1117 3202 1209 3285 ὅπως
1243 3213 1321 3289 apud

197 3312 359 3386 Epictetum
389 3330 532 3387 nusquam
561 3316 707 3389 optativus
737 3314 905 3390 adiungitur
933 3315 981 3392 [cf.
1005 3318 1038 3375 R.
1053 3317 1150 3391 Kapff,
1181 3317 1241 3374 Der
1264 3315 1320 3374 Ge·

195 3412 307 3472 brauch
329 3411 381 3473 des
396 3412 551 3490 Optativns
573 3416 620 3473 bei
640 3416 786 3475 Diodorus
801 3417 924 3493 Siculus,
947 3418 1024 3480 Diss.
1039 3417 1214 3492 Tuebingen
1241 3417 1319 3474 1903

195 3534 223 3591 r·
241 3515 382 3593 mem-i:

280 3654 322 3713 IV
337 3655 365 3727 4,
378 3656 418 3713 20
441 3643 542 3728 ἄλλος
573 3656 736 3732 φοβεῖται,
765 3647 809 3739 μὴ
839 3644 902 3716 οὖν
929 3651 1031 3737 ἄρξῃ·
1054 3648 1108 3732 οὗ,
1137 3647 1180 3739 μὴ
1204 3628 1319 3738 ἅρξης.

194 3753 363 3837 μηδαμῶς,
386 3748 557 3837 ἄνθρωπε.
590 3744 664 3817 ἀλλ’
680 3754 725 3828 ως
747 3757 933 3840 καταγελᾷς
955 3757 1017 3818 τοῖ’
1040 3755 1254 3837 φοβουμένου
1275 3752 1319 3838 μὴ

196 3852 308 3939 ἄρξαι,
333 3848 423 3918 oica
446 3855 502 3917 καὶ
525 3857 651 3919 σαυτοῦ
673 3856 847 3937 καταγέλα.

281 3977 345 4036 IIcc
376 3979 442 4037 lccc
472 3979 628 4050 ArrianuS,
658 3982 690 4036 ut
718 3979 835 4054 saepius
865 3979 1003 4038 inferiore
1033 3984 1128 4039 aetate
1157 3979 1200 4053 fit,
1229 3980 1319 4039 verbo

195 4079 376 4158 σοβεῑσθαι
403 4098 461 4138 non
487 4071 531 4160 μη
562 4097 585 4137 c.
601 4085 660 4155 opt.
684 4070 790 4161 ἄρξαι,
818 4080 870 4140 sed
892 4074 935 4164 μη
964 4081 1053 4142 cini.
1077 4073 1174 4161 ἄρξαι
1196 4081 1318 4142 addidit.

283 4281 304 4348 ¹)
322 4280 372 4335 ins.
391 4279 438 4337 Se.
