3030 5018
1273 286 1314 346 85

282 456 376 534 [1),34
397 457 477 520 Stob.
506 452 662 540 μέμνησο,
693 453 746 519 ἵνα
770 470 831 520 σου
853 448 896 542 μὴ
920 449 982 542 (μή
1004 470 1065 520 σου
1087 456 1137 532 Α)
1167 450 1315 541 κρατήση

195 551 237 622 τδ
256 556 423 643 προσηνὲς
444 555 550 622 αὐτοῦ
572 555 625 642 (sc.
649 559 709 623 τού
731 553 957 642 πράγματος).]

280 681 309 739 11
324 680 383 753 2‚8
399 672 460 742 Διὰ
474 678 578 742 τοῦτο
595 675 614 741 ὁ
629 676 815 762 Σωκράτης
829 672 915 760 πρὸς
930 670 991 742 τὸν
1007 667 1316 765 ύπομιμνήσκοντα,

196 777 250 844 ἵνα
273 775 564 865 παρασκευάζηται
585 776 671 864 πρὸς
692 774 754 867 τήν
776 781 881 865 δίκην,
904 775 966 866 έφη
983 831 989 844 .
1007 832 1037 845 ..

281 901 408 962 Accedit
435 902 519 960 locus
547 902 680 977 1114,9
709 892 781 983 ςδὶγε
811 898 865 964 ἵνα
895 895 1056 982 Σώφρων
1085 892 1316 984 στεφαιιωθή·’

196 994 267 1066 ἀλλ’
290 998 412 1066 ἐκεῖνο·
441 993 513 1085 (δγε
536 997 594 1065 ἵνα
616 996 749 1087 τηρήσω
778 998 840 1089 τήν
866 999 1012 1085 ἐμαυτοῦ
1041 1003 1314 1087 προαίρεσιν...

195 1107 356 1183 Scriptores
401 1108 494 1167 Attici
538 1106 770 1180 adhortationes,
816 1109 876 1166 sive
921 1097 979 1188 δγε
1022 1110 1213 1184 praeponitur
1256 1111 1316 1168 sive

195 1211 343 1285 omittitur,
365 1211 569 1270 coniunctione
592 1199 683 1282 ὅπως
706 1227 730 1268 c.
751 1209 810 1268 ind.
833 1208 884 1269 fut.
908 1210 1116 1285 exprimebant.

282 1435 309 1492 7.
341 1432 488 1507 Platrtp.
505 1433 569 1492 29c
590 1430 665 1490 lraec
687 1432 778 1490 verba
799 1433 948 1506 leguntur:
980 1420 1222 1514 ὧΣύκρατες,
1254 1431 1316 1493 νῦν

194 1532 255 1617 μὲν
269 1526 397 1632 Ἀνύτηγ
418 1524 461 1595 ού
482 1528 678 1613 πεισόμεθα,
707 1530 777 1594 ἀλλ’
799 1529 935 1612 ἀφίεμέν
958 1549 1004 1608 σε,
1031 1530 1086 1594 ἐπὶ
1108 1524 1221 1616 τούτῳ
1242 1532 1316 1615 μέν·

195 1657 259 1715 τοι,
291 1633 342 1716 ἐφ’
370 1633 398 1719 qi
420 1657 455 1699 τε
484 1634 597 1719 μηκέτ’
618 1631 654 1698 ἐν
683 1630 790 1714 ταύτη
819 1636 859 1715 τή
880 1630 1011 1719 ζητήσει
1035 1632 1215 1717 διατρίβειν
1236 1633 1317 1719 μηδὲ

196 1740 405 1818 φιλοσοφεῖν.

279 1878 431 1954 Epictetus
455 1878 498 1936 bis
520 1878 653 1937 Platonis
674 1876 765 1936 verba
788 1895 804 1936 e
827 1877 966 1936 memoria
987 1875 1137 1951 repetivit:

280 2016 338 2088 19,
351 2016 391 2074 23
413 2005 470 2076 (ἄν
491 2034 548 2094 μοι
569 2003 710 2095 λέγητε,
734 2013 822 2095 φησί,
844 2012 931 2089 τνύν,
957 2003 1008 2074 δτι
1024 2000 1183 2094 ,ἀφίεμέν
1206 2027 1241 2075 σε
1262 2007 1317 2074 ἐπὶ

194 2107 340 2194 τούτοις,
363 2106 454 2190 ὅπως
475 2113 590 2198 μηκέτι
614 2113 747 2195 διαλέξη
770 2109 913 2189 τούτους
935 2109 1014 2189 τούς
1038 2109 1160 2197 λόγους
1177 2165 1182 2178 ,
1200 2164 1206 2177 .
1224 2117 1256 2178 .“

279 2257 425 2328 111120
451 2242 512 2317 ‘etv
534 2245 566 2334 μ’
589 2251 718 2334 οἷφῆτε’,
748 2251 837 2335 φησί,
859 2247 927 2314 (ἐπὶ
950 2245 1094 2329 τούτοις,
1124 2250 1179 2315 ἵνα
1200 2250 1317 2336 μηκέτι
1383 2260 1386 2267 ’

194 2357 301 2419 τούτα
322 2352 472 2438 πράσσω,
496 2352 517 2417 t
538 2356 610 2430 νύν,
634 2345 709 2417 σῦκ’
733 2353 888 2434 ἀνέξομαι
912 2351 986 2416 οὐδ’
1007 2346 1130 2436 α’νήσω.

279 2476 419 2536 Videmus
438 2477 572 2552 Epicteto
588 2475 719 2533 Platonis
742 2492 777 2532 ac
800 2475 916 2533 omnino
932 2476 1096 2535 Atticorum
1119 2470 1173 2537 ἐπὶ
1195 2469 1316 2556 τούτῳ,

195 2567 247 2657 ἐφ’
276 2575 304 2660 ᾠ
334 2598 370 2639 τε
400 2597 459 2637 non
488 2570 577 2636 fuisse
608 2581 791 2648 consuetum;
821 2595 888 2634 nam
918 2579 1011 2636 altero
1033 2579 1100 2637 loco
1124 2579 1241 2654 scripsit
1262 2571 1317 2639 ε’πὶ

194 2674 338 2758 τούτοις,
361 2671 462 2756 ὅπως,
485 2681 579 2739 altero
603 2674 658 2740 ἐπὶ
681 2671 801 2761 τούτῳ,
826 2672 917 2756 least)

279 2819 330 2879 Ae
352 2817 405 2877 hos
428 2818 559 2894 proxime
582 2816 725 2875 accedunt
748 2816 804 2875 dno
830 2817 890 2875 loci
912 2817 1112 2892 insequentes:

279 2957 452 3029 1v13,10
481 2944 525 3038 μή
555 2946 617 3035 γὰρ
647 2948 702 3015 ἐπὶ
735 2947 922 3032 συνθήκαις
951 2950 1039 3014 τιοὶν
1068 2948 1245 3036 ἐξήνεγκας
1276 2945 1319 3017 τὰ

194 3056 339 3119 σεαυτοῦ
362 3046 404 3118 ἵν’
427 3045 571 3134 ἀκούσης
593 3050 630 3116 έν
651 3052 700 3135 τῷ
721 3052 813 3135 μέρει
834 3052 889 3114 καὶ
912 3048 953 3116 τὰ
976 3049 1053 3135 ἐμά;

280 3177 369 3249 125,
388 3176 425 3234 15
463 3167 529 3255 ἐγώ
561 3170 601 3234 ού
633 3165 774 3253 δύναμαι
807 3167 898 3253 παρὰ
931 3167 1043 3256 τούτῳ
1077 3173 1240 3252 δειπνεῖν,
1275 3166 1317 3239 i'u'

194 3275 299 3340 αδτοῦ
329 3274 494 3357 ἀνέχωμαι
523 3272 603 3336 καθ’
623 3262 749 3358 ἡμέραν
778 3272 1009 3357 διηγουμένου,
1039 3277 1112 3352 πῶς
1140 3275 1176 3340 ἐν
1205 3277 1318 3365 Μυσίηι

194 3376 387 3462 ἐπολέμησε.

280 3607 309 3663 8.
349 3603 441 3663 Attici
485 3602 640 3677 scriptores
685 3602 858 3661 sententiam
906 3604 1060 3662 relativam
1109 3607 1317 3679 praetulissent

194 3707 354 3767 hocloco:

281 3842 364 3902 Ε51
397 3847 499 3900 ποῖον
533 3827 595 3898 οὖν
629 3833 677 3899 έτι
712 3828 914 3900 διδάσκαλον
946 3837 1152 3925 προσδοκᾷς,
1188 3838 1242 3904 ἵνα
1271 3840 1316 3918 εἰς

194 3941 324 4007 ἐκεῖνον
357 3931 490 4021 ύπερθή
525 3933 587 4020 τήν
622 3931 861 4020 ἐπανόρθωσιν
894 3941 1029 4025 ποιήσαι
1062 3936 1124 4026 τήν
1157 3946 1316 4020 οεαυτούς

196 4047 281 4128 [Attr
304 4041 350 4119 εἰς
372 4033 491 4105 ὅντινα
513 4031 708 4125 ύπερδήση]

280 4261 461 4331 ήΜρΜ
531 4319 535 4326 ,
