3030 5018
347 463 597 555 φωνητ-ικός
620 469 689 545 (ὁ.)
712 472 836 546 1123,2
861 472 972 549 [Plutl.

347 583 682 675 ἓπι-χειρητ-ικός
704 588 770 674 (δ.)
792 593 885 666 18‚7
909 593 1011 670 [Plut]

346 706 738 794 (ἰ-δια-φορητ-ικός
786 703 842 788 [τὸ
890 703 1005 774 ά-ον
1056 712 1330 790 „indifferentia“]

396 814 531 889 111,14.

344 927 577 1016 χρηστ-ικός
614 934 769 1009 quinquies
802 934 899 994 decies
932 930 996 1016 (tlt
1025 936 1039 993 Ι
1070 937 1102 1009 6,
1123 936 1154 1007 9;
1185 935 1329 1014 16,18)

397 1037 540 1111 [Aristot.,
563 1037 650 1095 Marc.
665 1038 758 1110 Anti

347 1145 689 1237 ἄνα-χωρητ-ικός
711 1156 784 1229 111,
803 1157 841 1214 10
865 1155 990 1232 [scripti.
1006 1156 1100 1232 eccl,].

346 1269 536 1348 ώστ-ικός
559 1275 600 1333 lv
618 1276 643 1347 1,
656 1275 705 1348 sl,
729 1272 791 1348 -sg
812 1276 842 1333 11
858 1276 885 1348 s,
898 1275 925 1333 5.

347 1382 600 1476 ώφελητ-ικός
626 1394 783 1469 1110‚23.

344 1505 702 1595 μνησικακητ-ικός
723 1515 764 1572 IV
780 1514 859 1588 5,1s
880 1514 934 1590 (z
947 1510 1151 1596 μνησίκακος
1173 1514 1327 1592 Aristot.).

721 1825 737 1894 s
762 1823 789 1879 s.

334 1939 386 2004 Dc
408 1938 590 2006 vocabulis
614 1937 822 2019 compositis
846 1938 883 2004 ct
906 1937 1172 2022 (incompositis

281 2081 306 2139 1.
339 2081 435 2138 Voces
469 2079 601 2138 omnibus
635 2079 760 2138 saeculis
794 2078 905 2138 duobus
935 2078 1027 2138 modis
1057 2079 1323 2156 componebantur,

192 2185 315 2261 primum
337 2185 457 2260 propria
478 2185 527 2242 vel
551 2200 622 2241 vcra
648 2183 866 2257 compositione,
897 2200 984 2259 quam
1014 2186 1121 2241 vocant
1142 2174 1320 2260 σύνθεσιν,

192 2292 252 2346 tum
275 2287 449 2359 adulterina,
476 2303 550 2360 quac
581 2285 686 2343 dicitur
716 2276 911 2362 παράθεσις.
956 2280 1124 2345 Epirotae
1153 2283 1220 2343 ficta
1249 2291 1322 2344 sunt

192 2391 346 2461 vocabula,
376 2406 452 2463 quae
481 2406 559 2446 nova
589 2405 625 2446 ex
654 2387 765 2446 duobus
789 2390 857 2462 apte
879 2388 995 2445 mutatis
1018 2387 1188 2462 prodierunt
1211 2407 1321 2468 παρα-Ι

192 2487 298 2567 θέσει,
336 2509 410 2565 quae
447 2509 484 2549 ex
520 2491 595 2549 binis
633 2492 805 2548 coaluerunt
840 2491 961 2549 vocibus
997 2491 1130 2565 primitus
1163 2491 1319 2565 separatis.

192 2594 274 2652 Haec
312 2594 382 2651 satis
418 2609 572 2651 numerosa
608 2592 687 2667 apud
722 2593 888 2667 Epictetum
923 2594 1124 2668 inveniuntur,
1165 2595 1239 2667 (qua
1283 2612 1318 2653 re

192 2699 290 2755 tamen
318 2713 378 2754 non
407 2714 424 2752 a
454 2695 557 2753 ceteris
590 2694 779 2769 scriptoribus
812 2694 962 2769 discedit);
995 2713 1062 2752 nam
1095 2695 1241 2770 permulta
1271 2696 1317 2753 in·

192 2799 274 2858 venis
296 2799 388 2857 verba
410 2815 474 2857 cum
497 2797 630 2873 siugulis,
653 2797 737 2869 binis,
763 2797 846 2854 trinis
867 2797 1133 2872 praepositionibus
1155 2799 1319 2872 composita

193 2919 248 2961 nec
270 2919 329 2959 non
352 2901 469 2959 nomina
491 2905 520 2960 et
542 2901 688 2959 adiectiva
702 2900 845 2959 verbalia.
889 2899 997 2958 Contra
1012 2917 1120 2974 parvus
1136 2904 1165 2958 et
1180 2917 1317 2961 numerus

194 3005 426 3080 appellationum
458 3003 594 3062 inferiore
627 3006 723 3061 aetate
759 2999 914 3063 συνθέσει
951 3003 1187 3077 compositorum,
1222 3003 1317 3061 maior

193 3106 401 3166 adiectivorum
423 3109 510 3181 atque
533 3105 674 3180 imprimis
697 3122 804 3178 eorum,
833 3122 955 3179 quorum
978 3106 1090 3179 priores
1119 3108 1218 3179 partes
1247 3109 1315 3163 sunt

192 3210 409 3285 appellationes
438 3210 489 3267 vel
511 3207 664 3280 adiectus,
694 3209 787 3266 altera
809 3207 963 3266 verborum
986 3208 1097 3282 stirpes.
1141 3208 1187 3265 Ex
1209 3206 1315 3280 quibus

193 3315 222 3369 et
243 3312 360 3370 nomina
382 3314 411 3369 et
432 3310 523 3369 verba
545 3309 614 3369 duci
636 3311 739 3383 solent,
763 3327 837 3385 quae
857 3309 1055 3385 decomposita
1076 3311 1126 3368 vel
1140 3302 1316 3388 παρασύν-

191 3415 277 3475 aava
298 3416 413 3472 vocant.

276 3516 429 3576 Adverbia
457 3533 495 3574 ex
522 3517 655 3591 pluribus
686 3517 815 3591 partibus
845 3516 1005 3590 composita
1033 3533 1129 3590 neque
1160 3516 1191 3573 in
1220 3516 1256 3574 N.
1278 3515 1315 3575 Τ.

192 3621 285 3678 multa
306 3623 373 3679 sunt
394 3636 489 3694 neque
510 3620 542 3677 in
568 3619 816 3678 dissertationibus
846 3619 1046 3692 inveniuntur,
1077 3635 1152 3693 quae
1174 3620 1315 3677 memoria

192 3722 249 3782 sint
272 3722 368 3797 digna.

277 3861 304 3918 2.
333 3860 432 3919 Verba
459 3859 598 3919 inferiore
627 3863 722 3919 aetate
751 3859 910 3935 composita
931 3862 990 3917 tam
1012 3857 1176 3933 frequentia
1199 3876 1244 3932 ap.
1259 3858 1314 3933 Ep.

192 3965 374 4038 comparent,
402 3966 434 4021 ut
455 3963 578 4036 singulis
600 3964 692 4022 libros
720 3963 838 4035 addere,
868 3961 972 4037 quibus
994 3965 1147 4036 praeterea
1168 3962 1314 4037 leguntur,

193 4082 265 4140 opus
288 4082 433 4123 essenon
457 4066 627 4123 censuerim.

276 4167 403 4226 Primum
426 4168 602 4227 enumerabo
625 4169 716 4227 verba
738 4185 802 4227 cum
818 4168 941 4242 singulis
955 4166 1218 4240 praepositionibus
1235 4183 1312 4225 com-

191 4270 300 4347 posita:
