3030 5018
193 346 232 402 76

191 514 271 573 nudc
300 505 429 599 ἤθελον
459 514 582 590 primum
605 514 697 572 Attici
720 513 843 589 optativi
865 530 930 571 cum
952 499 994 572 άν
1015 512 1091 584 Ιοοο,
1113 513 1174 569 tum
1196 526 1251 586 pru
1272 509 1314 567 in-

192 617 321 677 dicativo
343 616 506 693 imperfecti
527 618 596 676 item
619 617 754 693 apposita
775 616 921 692 particula
942 615 973 673 in
995 631 1050 673 usu
1072 616 1123 672 cst

277 757 422 832 Exempla
444 758 511 814 sunt
531 753 618 813 hacc:

518 926 547 1001 a)
580 915 730 1007 ἤθελον
746 949 786 976 --
803 928 870 1000 opt.
892 941 916 984 c.
940 912 995 986 άν.

277 1065 408 1136 119,17
439 1047 625 1141 εφρονίμως
653 1081 710 1142 μοι
743 1052 923 1144 λελάληκεν
957 1056 1156 1144 Φηλικλων’;
1191 1047 1316 1142 ἤθελον

194 1153 300 1228 αὐτὸν
328 1153 569 1247 άαοβληθῆναι
591 1162 654 1225 τοῦ
683 1162 872 1244 κοκρῶνος,
902 1156 957 1224 ἵνα
986 1155 1088 1224 πάλιν
1116 1152 1237 1245 ἄφρων
1265 1174 1317 1225 σοι

195 1266 286 1348 δοκῇ.

278 1387 390 1460 121,3
417 1374 555 1470 ἤθελον,
585 1381 641 1447 ἰ’να
667 1404 706 1465 με
733 1381 790 1445 καὶ
817 1379 850 1446 οἱ
877 1372 1094 1457 άπαντωντες
1120 1377 1318 1464 θαυμάζωσι

194 1486 249 1550 καὶ
284 1483 603 1561 ἐπακολουθοῦντες
636 1478 939 1568 ἐκικραυγάζωοιν·
973 1467 1019 1546 ίοἷι
1045 1477 1194 1567 μεγάλου
1225 1486 1316 1563 φιλο-

195 1586 325 1671 σόφου]

279 1713 359 1784 129,
373 1711 412 1770 35
443 1711 491 1786 (de
521 1711 726 1783 luctatoribus)
760 1697 844 1770 άλλά
871 1704 1075 1782 καλέσαντος
1102 1707 1168 1769 τοῦ
1199 1705 1318 1789 καιροῦ

195 1807 310 1875 κλάειν
332 1810 382 1875 δεῖ
403 1809 459 1873 καὶ
483 1809 591 1894 λέγειν
613 1803 756 1892 (ἤθελον
779 1805 828 1872 ἐ’τι
851 1805 1058 1892 μανθάνεινῖ

280 1934 358 2006 129,
371 1934 411 1990 38
434 1923 563 2014 ἤθελον
585 1931 729 1993 πλεῦσαι
752 1919 804 1992 ἐπ’
827 1923 910 1992 ου’τδ
939 1928 1043 1991 τοῦτο
1074 1925 1131 1991 καὶ
1160 1925 1255 2006 ἰδεῖν,
1286 1926 1318 1990 τί

195 2055 260 2110 μου
282 2045 373 2096 κοιεῑ
395 2030 414 2096 δ
435 2025 592 2118 άθλητῆς,
614 2033 688 2107 κως
701 2031 822 2118 μελετᾷ
836 2025 897 2117 τῆν
911 2024 1086 2095 δαόθεοιν.
1130 2031 1318 2110 [Comparan-

195 2142 242 2196 tur
262 2137 433 2214 philosophi
456 2155 520 2195 cum
542 2137 694 2195 luctatoris
717 2135 891 2211 discipulis]

280 2258 417 2330 118,16
452 2244 522 2317 ἀλλ’
556 2244 743 2337 άνεχόμεθα
776 2251 934 2335 λέγοντος
971 2240 1079 2315 ου’τοῦ
1111 2253 1319 2331 (adulescentis

197 2359 314 2419 domum
337 2359 497 2436 redeuntis)
519 2354 568 2420 ‘ct
589 2351 720 2439 ἤθελον
743 2349 852 2438 ἔχειν’;
875 2358 926 2432 (sc.
949 2357 1103 2432 comitem).

281 2479 311 2537 11
328 2480 375 2552 17,
388 2480 427 2536 33
455 2465 585 2558 ἤθελον
612 2465 644 2539 δ’
672 2474 830 2555 αόφαλοός
857 2470 968 2556 (ἔχειν)
995 2472 1052 2537 καὶ
1078 2465 1238 2550 άσείοτως
1263 2470 1319 2536 καὶ

198 2569 240 2641 ου’
268 2573 376 2660 μόνον
406 2574 608 2661 ἐγρηγορώς,
639 2566 725 2640 άλλά
754 2576 810 2640 καὶ
840 2571 1023 2641 καθεύδων
1051 2574 1109 2638 καὶ
1137 2573 1320 2657 οἰνωμένος

198 2680 253 2743 καὶ
276 2678 311 2744 ἒν
333 2680 542 2765 μελαγχολίᾳ.

283 2784 318 2844 cf.
335 2784 401 2861 §31
427 2777 492 2864 ἐγω
513 2781 619 2845 θέλω
642 2781 703 2864 μὲν
725 2779 782 2843 καὶ
805 2772 939 2866 άκαθῆς
961 2775 1045 2844 εἶναι
1067 2779 1123 2843 καὶ
1146 2773 1320 2864 άτάροχος.

282 2905 429 2979 1121,13
453 2905 602 2980 Epictetus
633 2903 808 2978 discipulum
837 2903 911 2962 haec
940 2904 1032 2961 verba
1055 2902 1202 2962 dicentem
1224 2900 1320 2978 fingit:

197 2996 341 3086 (ἤθελον
364 3000 524 3068 ποδοαοτε
547 2998 657 3068 πάντα
680 2998 802 3086 μαθων
826 2999 1028 3067 ἐπανελθεῖν
1053 2992 1119 3067 ...'

283 3128 444 3201 11123,13
466 3115 585 3208 ἤθελές
608 3140 670 3188 ccv
692 3119 734 3186 τά
755 3123 873 3187 παιδία
896 3117 980 3186 εἶναι
1002 3124 1165 3198 τοιαῦτα;’

283 3247 324 3305 IV
343 3247 450 3320 1,105.
466 3247 524 3304 106
556 3233 597 3307 οὗ
630 3243 833 3318 θέλεις...
860 3236 1067 3323 πορεύεσθαι
1095 3290 1101 3304 .
1126 3291 1132 3304 .
1158 3291 1165 3306 .
1193 3232 1322 3325 εὐχαρι-

199 3340 318 3431 οτῆοας
339 3337 426 3429 ὑπὲρ
450 3334 499 3408 ὧν
520 3336 664 3431 ἤκουσας
687 3345 743 3408 καὶ
766 3339 866 3422 εἷδες,·
887 3337 955 3408 (οδ.
983 3333 1055 3407 ἀλλ’
1083 3337 1130 3407 ἐ’τι
1152 3337 1322 3426 ἑορτάζειν

197 3440 348 3536 ἤθελον.’

283 3572 443 3646 1V1,143
474 3562 602 3655 ἤθελον
632 3565 807 3652 ἐκιοτῆνοί
828 3588 895 3630 τινι
917 3555 1033 3630 αὐτῶν
1056 3560 1323 3649 ουνουσιάζοντι,

201 3667 256 3734 ἵνα
279 3670 447 3750 ἰ’δω,ἀο5ς
469 3670 620 3734 τείνεται.

285 3794 327 3853 lV
342 3794 370 3869 4,
384 3795 423 3851 32
442 3780 526 3854 Ἀλλ’
547 3783 613 3873 ἐγω
634 3783 761 3876 ἤθελον
783 3778 834 3871 ἐφ’
857 3778 991 3875 ἤουχίας
1014 3782 1149 3872 διάγειν.

469 3963 500 4039 1))
530 3952 679 4044 ἤθελον
695 3988 734 4013 =
750 3962 818 4021 ind.
837 3961 930 4038 impf.
951 3979 975 4020 c.
996 3949 1051 4023 άν.

285 4102 396 4174 110,δ
421 4100 469 4176 (dc
499 4098 615 4160 homine
648 4100 783 4176 quodam,
815 4100 877 4175 qui,
908 4117 973 4159 cum
1003 4099 1111 4160 Cacsar
1141 4099 1168 4156 ei
1197 4098 1324 4158 tabellas

201 4205 334 4283 misisset,
363 4204 490 4280 Epicteti
512 4207 672 4279 praecepta
694 4204 784 4279 plene
811 4192 874 4261 crat
896 4202 1029 4278 oblitus)
1059 4192 1190 4285 ἤθελον
1217 4192 1323 4261 αδτδν

201 4306 263 4368 νῦν
286 4298 458 4389 παραστάς
482 4295 676 4388 ὑπομνῆσαι
704 4304 775 4368 τῶν
804 4297 926 4387 λόγων,
958 4292 1017 4378 οὕς
1046 4296 1136 4384 ἔλεγε
1163 4296 1325 4384 παρερχό-
