3030 5018
1261 290 1298 348 ll

538 459 566 518 6.
599 459 648 519 De
670 459 790 520 verbis
811 459 848 518 in
870 477 937 540 -pc

261 597 378 655 lustuns
398 598 427 655 et
441 593 643 671 imperfectum
659 595 756 653 activa
770 596 926 656 verborum
941 593 972 651 in
986 612 1040 674 -μι
1053 593 1161 669 passim
1176 594 1301 653 transire

177 697 215 758 ad
243 699 396 774 uolgarem
419 697 589 756 declinandi
610 695 727 756 modum
749 697 780 755 in
807 718 853 758 -ω
884 701 972 771 atquc
993 696 1110 770 saepius
1138 697 1301 755 recentiore

177 805 272 860 aetate
295 818 381 876 quam
404 801 504 859 Attica
526 800 597 858 satis
618 804 718 859 notum
742 802 792 859 est.
836 800 976 857 Memoria
992 796 1082 871 digna
1095 801 1162 857 sunt
1177 790 1301 859 ἱοτάνω

177 929 219 954 --
234 899 354 985 ἵστημι,
371 897 510 964 ἵστανον
521 928 564 952 =
575 895 707 983 tamar)
750 903 797 961 De
811 902 905 960 forma
920 899 1108 984 καθ-ιστᾷς
1123 900 1159 960 cf.
1174 901 1301 960 indicem

178 1007 333 1065 verborum
355 1023 378 1066 s.
393 1023 420 1063 v.
437 997 555 1085 ἵστημι.

242 1107 351 1185 Ι1Ιοῐὶ)ἰ
383 1102 448 1185 εἰμὶ
481 1125 541 1165 non
574 1106 631 1166 nisi
664 1106 758 1182 prima
790 1106 948 1181 singularis
981 1122 1108 1181 persona
1139 1105 1302 1181 imperfecti

175 1198 263 1293 ἥμην
285 1209 315 1266 Π
333 1210 379 1283 12,
393 1209 445 1280 25;
477 1209 525 1281 20,
538 1210 577 1266 29
605 1209 650 1266 ΠΙ
669 1209 746 1281 1,13
776 1207 896 1266 mediali
925 1209 1129 1266 terminatione
1160 1208 1302 1267 instructa

177 1315 232 1384 est;
262 1313 356 1370 altera
385 1300 432 1392 ἧς,
463 1329 538 1385 quae
568 1328 622 1386 pro
651 1298 741 1391 ἦσθα
771 1311 895 1387 primum
923 1311 955 1368 in
977 1309 1113 1369 Axiocbo
1142 1310 1250 1386 legitur
1273 1315 1302 1370 et

176 1413 354 1489 temporibus
380 1412 566 1472 inferioribus
592 1412 742 1471 tritissima
769 1416 825 1488 est,
848 1415 943 1471 exstat
964 1412 1111 1486 1110,13
1134 1414 1175 1472 lV
1193 1413 1240 1486 10,
1253 1414 1302 1471 32.

262 1516 390 1574 Verbum
420 1517 547 1592 simplex
576 1505 640 1594 εἶμι
661 1531 803 1588 nusquam
834 1513 903 1590 [nisi
930 1516 959 1575 A
977 1515 1015 1572 13
1046 1515 1085 1589 (H
1102 1517 1159 1590 9)],
1192 1515 1302 1590 quippe

177 1620 259 1678 cuius
282 1616 379 1677 officio
402 1610 536 1698 ἔρχομαι
557 1616 704 1692 fungatur,
728 1617 888 1692 composita
909 1634 977 1675 raro
993 1621 1171 1693 comparent.
1215 1617 1301 1696 Προ-

175 1713 241 1799 pecc
270 1719 362 1779 babes
384 1721 426 1778 IV
439 1722 498 1793 9,8
527 1738 581 1796 pro
610 1713 831 1800 προ-ηειοθα.
864 1709 943 1801 [ᾔεις
972 1719 1081 1779 indca
1111 1719 1301 1796 scriptoribus

176 1822 348 1882 recentioris
369 1821 522 1899 Achiuis]

261 1925 354 1984 Verbi
375 1915 451 1986 οἶδα
473 1927 568 1984 altera
590 1925 750 2000 singularis
771 1943 898 2001 persona
920 1925 1050 1984 crebrius
1070 1915 1162 1996 οἶδας
1179 1925 1301 2000 [scriptt.

175 2026 249 2103 lon]
287 2044 374 2101 quam
412 2018 529 2104 οἶσθα,
569 2028 694 2103 pluralis
726 2028 821 2103 prima
855 2028 961 2103 partim
1003 2021 1139 2106 οἴδαμεν
1178 2027 1301 2102 [scriptt.

175 2128 250 2204 Ion]
280 2130 384 2204 partim
416 2124 522 2209 ἴσμεν,
557 2147 615 2204 qua
645 2129 738 2188 forma
767 2131 911 2189 Arrianus
941 2130 1057 2189 Atticos
1087 2129 1229 2203 sequitur,
1257 2129 1301 2186 in·

176 2232 340 2290 veniuntur.

745 2502 773 2563 ὅ.

175 2608 445 2688 Enumerantur
465 2621 659 2688 verborum
680 2505 819 2687 fdrmae
847 2620 891 2685 ab
914 2619 1036 2687 Attico
1058 2637 1126 2688 usu
1148 2620 1299 2690 alienae.

261 2753 430 2841 ἀγγέλλωι
459 2761 528 2834 ll,
548 2760 588 2818 28
622 2756 811 2842 ἀπηγγέλην
843 2777 903 2822 aor.
923 2760 960 2817 11.
979 2777 1070 2835 pass,
1102 2777 1179 2835 quae
1207 2759 1300 2819 forma

176 2862 254 2939 apud
277 2863 391 2921 Atticos
414 2880 481 2920 rara
503 2866 558 2934 est;
589 2860 727 2921 traditum
755 2867 853 2921 tamen
876 2863 972 2920 estin
994 2862 1128 2921 omnibus
1151 2862 1299 2922 codicibus

175 2955 312 3047 ἠγγέλης
342 2965 408 3022 nur.
430 2965 453 3024 1.
472 2964 507 3022 r.
538 2965 599 3022 932
631 2969 659 3023 et
688 2966 718 3022 in
748 2965 937 3041 inscriptione
967 2965 998 3024 c.
1017 2965 1040 3022 1.
1059 2965 1097 3024 A.
1118 2965 1160 3023 1v
1175 2967 1298 3038 276‚19

176 3064 349 3148 ἐπογγελῇ.

262 3184 382 3266 αἱρέωι
420 3187 530 3244 Futura
566 3187 722 3245 verborum
759 3189 983 3262 compositorum
1021 3206 1039 3244 a
1075 3188 1163 3263 stirpe
1200 3189 1300 3246 aoristi

176 3280 228 3349 ἓλ-
255 3287 464 3346 descendentia
497 3292 612 3346 exstant
643 3291 733 3348 Inscr.
753 3289 841 3348 Ther.
862 3289 945 3347 2448
976 3290 1015 3347 VI
1036 3291 1073 3346 19
1107 3307 1203 3364 neque
1232 3308 1298 3348 raro

176 3390 253 3465 apud
294 3391 452 3465 scriptores
495 3392 685 3462 recentiores;
730 3392 855 3467 Epicteti
896 3391 1116 3451 dissertationes
1161 3391 1299 3451 exhibent

176 3491 289 3570 ἀφελῶ
321 3494 388 3565 12,
408 3495 461 3565 29;
493 3495 544 3566 18,
566 3495 603 3551 17
634 3493 716 3571 (bis),
753 3491 875 3572 ὲξ-ελῶ
907 3495 936 3552 Π
962 3495 1011 3568 16,
1031 3495 1072 3552 40
1106 3494 1170 3571 [sed
1203 3495 1300 3553 futura

176 3595 272 3655 media
301 3589 543 3677 ἀν-αιρήοομαι
566 3597 609 3655 111
626 3598 674 3672 26,
687 3598 736 3673 25,
758 3586 1007 3681 οἱφ-οιρήοομαι
1029 3599 1132 3671 117,8
1155 3598 1300 3657 ducuntur

176 3700 391 3775 repraesentet

262 3814 514 3901 ἀπολογέομαιε
536 3820 581 3878 ΙΙΙ
599 3821 645 3893 18,
659 3822 717 3878 6.8
741 3809 999 3902 ἀπολογηθῆναι
1022 3820 1129 3896 [Attici
1151 3820 1300 3879 malebant

176 3908 453 4002 ἀπελογησάμην]Ι

261 4036 421 4122 ἁρπάζωτ
445 4043 488 4100 III
511 4043 560 4114 22,
573 4042 613 4099 36
630 4060 688 4101 aor.
705 4042 740 4100 ΙΙ.
755 4059 831 4117 pass.
845 4026 989 4124 ἡρπάγη.
1007 4043 1080 4118 [Att.
1096 4027 1297 4125 r‘ppndodpv]

262 4259 283 4327 ¹)
302 4256 342 4312 ef.
361 4258 479 4314 indicem
497 4258 644 4314 verborum
661 4275 683 4314 s.
695 4274 721 4315 v.
738 4253 843 4330 ἵστημι.
