3030 5018
198 312 239 375 84

283 489 439 563 Reliquum
461 491 513 560 est,
543 491 575 546 ut
597 483 735 563 exempla
757 500 933 560 enumerem,
963 481 1066 561 quibus
1090 489 1141 545 aut
1163 467 1250 547 aicae
1273 486 1322 543 aut

197 581 269 664 οἶος
290 608 430 666 usurpare
451 590 559 650 Atticis
580 591 768 665 scriptoribus
789 590 913 648 licuerit.

282 727 418 799 119,13
449 718 603 786 καθόλου
633 717 794 806 τοιαύτην
829 715 918 805 (τὴν)
953 717 1055 803 φύσιν
1087 723 1150 787 τοῦ
1181 721 1321 805 λογικοῦ

197 819 287 911 ζῴου
316 820 568 901 κατεσκεύασεν,
603 820 672 888 ἵνα
701 819 843 908 μηδενὸς
871 827 943 889 τῶν
973 824 1069 890 ἰδίων
1100 823 1244 908 ἀγαθῶν
1269 819 1322 889 δύ-

197 950 293 1013 νηται
316 922 502 1011 τυγχάνειν,
531 918 598 993 (ἂν)
624 923 669 1010 μή
693 950 725 990 τι
753 925 800 1002 εἰς
828 921 868 990 τὸ
898 921 1016 991 κοινὸν
1043 925 1213 1011 αλφέλιμον
1238 947 1321 1009 προ-

196 1030 351 1115 φέρηται,·
685 1051 688 1056 ·

280 1158 309 1229 1'1
326 1172 373 1246 16,
386 1170 426 1230 45
450 1158 522 1231 ἀλλ)
544 1167 606 1232 οὐκ
628 1162 659 1231 εἷ
679 1167 912 1254 Ἡρακλῆς...
938 1157 1016 1231 orde
1041 1162 1177 1252 Θησεύς,
1201 1162 1257 1230 ἵνα
1278 1160 1322 1229 τὰ

194 1273 253 1357 τῆς
270 1261 416 1357 Ἀττικῆς
441 1266 602 1353 καθάργγς.

282 1534 308 1591 6.
342 1531 418 1602 Quin
440 1532 574 1607 Epicteto
601 1528 827 1605 significationes
856 1530 1067 1604 particularum
1097 1523 1151 1591 λ’να
1174 1532 1203 1590 et
1226 1518 1321 1603 ὅπως

194 1634 339 1693 interdum
370 1633 445 1691 nihil
473 1634 549 1691 inter
577 1649 609 1691 se
639 1632 772 1691 diversae
802 1631 918 1704 fuerint,
948 1632 1081 1692 dubitare
1110 1649 1170 1691 non
1198 1633 1320 1710 poteris,

196 1755 260 1795 cum
282 1738 382 1795 locum
403 1737 445 1795 IV
461 1735 520 1809 5‚5
542 1735 662 1810 legeris:

280 1862 380 1935 οὐδὲν
408 1861 471 1934 οὖν
498 1861 580 1933 ἄλλο
602 1864 729 1955 ἤθελον
751 1861 772 1954 ἢ
793 1864 833 1934 τὸ
856 1867 953 1933 ἰ’διον.
984 1869 1018 1933 τί
1041 1868 1074 1933 δ’
1100 1865 1169 1935 ἔστι
1196 1871 1321 1947 τοῦτο,·

195 1964 256 2055 οὐχ
279 1971 333 2036 ἵνα
356 1975 432 2053 κινῖγ
454 1959 555 2046 οὗτός
576 1993 653 2035 τινα
676 1962 902 2053 κατὰφύσιν.
920 2022 927 2036 .
944 2023 950 2036 .
969 1963 1039 2036 ἀλλ’
1054 1962 1146 2047 ὅπως
1162 2023 1168 2036 .
1186 2021 1193 2037 .
1210 2018 1218 2034 .
1233 1967 1321 2037 κατὰ

195 2072 297 2155 φύσιν
321 2071 384 2154 ἕξει
407 2073 463 2137 καὶ
486 2068 634 2154 διεξάξει.

279 2215 355 2274 Nam
377 2215 536 2273 sententias
557 2232 611 2289 per
633 2208 689 2274 ἵνα
712 2218 741 2273 et
762 2203 852 2287 ὅπως
868 2217 986 2290 coeptas
1001 2215 1078 2274 iuter
1093 2232 1125 2274 sc
1139 2213 1320 2291 respondere

193 2317 316 2376 videbis.
360 2307 473 2390 Ὅκως
509 2335 568 2376 non
605 2317 691 2375 aliter
723 2318 873 2376 enucleari
908 2321 1016 2393 potest,
1050 2336 1136 2393 quam
1169 2317 1194 2376 si
1225 2312 1319 2379 θέλω

194 2420 236 2476 uti
268 2411 431 2498 βούλομαι
468 2420 598 2494 ,οομίο“
632 2419 818 2493 intelligitur3
852 2437 919 2476 nam
948 2420 990 2478 ita
1020 2406 1112 2492 ὅπως
1141 2417 1197 2478 hoc
1226 2417 1319 2478 verbo

194 2521 360 2579 adiunctum
382 2520 452 2595 fingi
473 2519 606 2597 potest,¹)
636 2524 665 2580 et
686 2522 859 2595 particulam
891 2516 947 2582 ἵνα
967 2539 1022 2597 pro
1045 2509 1136 2594 ὅπως
1159 2523 1236 2581 stare
1259 2537 1320 2580 non

193 2623 367 2681 incredibile
398 2626 449 2683 est.
494 2622 567 2681 Sunt
596 2623 712 2697 quidem
742 2625 834 2681 multa
862 2625 1010 2698 exempla,
1042 2623 1146 2698 quibus
1175 2621 1223 2683 hic
1249 2640 1320 2682 usus

171 2741 175 2748 ·
194 2724 421 2801 confirmamur)
445 2725 550 2784 etenim
565 2725 671 2784 Atticis
690 2726 783 2783 verba
800 2723 945 2801 σκοαέω,
969 2721 1189 2807 ἓκιμελέομαι,
1211 2745 1320 2806 παρα-

192 2822 312 2901 καλέιο,
336 2822 500 2906 προσέχω,
527 2821 699 2907 μέμνημαι,
727 2820 970 2910 ύκομιμνὴσκιο
994 2830 1180 2888 assumebant
1201 2831 1319 2887 senteu-

192 2929 261 2986 tiam
291 2946 344 3003 per
374 2920 466 3001 ὅπως
488 2946 513 2991 ο.
535 2928 594 2987 ind.
609 2928 660 2988 fut.
684 2933 826 3005 coeptam,
856 2931 1006 3006 Epictetus
1035 2930 1112 2990 falso
1140 2929 1240 3008 posuit
1263 2924 1319 2992 ἵνα

194 3031 290 3089 verbis
312 3030 405 3089 hisce:

277 3168 415 3241 1117‚11
441 3165 512 3229 ἀλλ’
535 3156 577 3228 lv
606 3181 659 3229 σοι
690 3161 780 3249 δόξῃ,
811 3163 920 3230 ἐκεῖνο
949 3160 1057 3249 μόνον
1084 3161 1317 3250 σκειιτοόμεθα,

193 3263 247 3330 ἵνα
270 3267 512 3351 κεκρυμμένος,
544 3259 586 3331 ἵν’
614 3267 773 3350 ἀσφαλῶς
803 3273 853 3347 (sc.
877 3261 986 3352 λάβῃ),
1016 3265 1071 3333 ἵνα
1100 3265 1144 3356 μή
1165 3292 1216 3345 τις
1237 3271 1317 3355 γνῷ.

277 3406 437 3480 11124,19
461 3407 510 3488 τῴ
533 3396 606 3468 ὄντι
628 3407 740 3482 κακῶς
767 3405 939 3470 διοικεῖται
968 3402 1010 3470 τὰ
1033 3398 1104 3486 ὅλα,
1133 3398 1227 3493 εἰμὴ
1249 3403 1317 3472 ἐπι-

192 3511 339 3590 μελεῖται
363 3502 476 3582 &Zeus
498 3511 569 3571 τῶν
592 3503 714 3572 ἑαυτοῦ
735 3511 899 3586 πολιτῶν,
926 3507 969 3572 ἵν’
991 3495 1072 3573 ὦσιν
1094 3502 1203 3593 ὅμοιοι
1225 3500 1319 3595 αὐτῷ

193 3607 393 3693 εὐδαίμονες.

277 3752 399 3824 117,11
425 3737 470 3824 οὖς
492 3760 563 3826 τοῖς
586 3749 776 3834 ὀφθαλμοῖς
793 3745 963 3833 χρώμεθα,
986 3750 1027 3813 οὐ
1039 3750 1317 3834 παρακαλοῦντες

192 3847 323 3929 αὐτούς,
347 3847 401 3914 λ’να
419 3901 425 3914 .
444 3902 450 3915 .
469 3900 475 3914 .
493 3850 700 3917 δεικνύουσιν.

278 3990 359 4048 nto
381 3987 557 4071 προσέχειν
580 3973 641 4052 οὖν
664 3983 770 4070 ἄξιον,
794 3987 849 4053 ἵνα
873 3986 1070 4053 αἴσθωνται.

278 4210 300 4274 ¹)
319 4207 553 4277 Ktthuer-Gerth‚
572 4207 618 4262 Gr.
638 4207 683 4262 Gr.
701 4209 730 4264 II
748 4213 772 4279 2,
785 4213 843 4264 373.

277 4295 299 4364 ²)
319 4293 361 4350 Of.
380 4294 460 4349 etiam
477 4310 504 4364 p.
519 4298 550 4348 85
568 4293 690 4349 Platonis
708 4295 794 4351 verba
811 4296 862 4366 ts,
873 4300 904 4351 23
919 4299 946 4350 et
964 4295 1006 4350 III
1022 4301 1042 4367 t,
1053 4301 1085 4351 20
1103 4297 1221 4353 laudata
