3030 5018
239 315 257 375 2

239 505 312 563 quas
335 506 353 546 a
377 487 555 564 philosopho
585 486 666 546 fictas
697 505 761 547 csse
790 487 948 546 verisimile
982 487 1059 561 ests)
1103 487 1363 545 Numerosissimae

239 608 310 649 vero
333 593 400 649 sunt
430 591 603 648 mutationes
625 590 656 648 in
678 590 775 648 verbis
798 589 989 648 declinandis.
1034 588 1119 658 Quod
1141 589 1179 647 ad
1205 590 1363 665 particulas

239 693 350 766 attinet,
381 693 493 751 duabus
521 693 608 752 rebus
630 693 758 768 Epicteti
787 692 823 750 ab
846 692 946 750 Attico
977 709 1110 750 sermone
1141 693 1306 766 aequalium
1334 692 1363 750 ln

239 795 354 854 modum
384 795 520 867 discedit,
550 796 676 871 primum
706 796 831 853 minutus
863 798 907 854 est
937 795 1159 870 particularum,
1191 812 1265 869 quae
1293 795 1362 852 olim

239 901 323 956 erant
350 898 381 956 in
410 916 474 971 usu,
507 915 656 970 nnmerum
686 901 746 956 tum
775 898 877 974 paucis
905 898 980 970 illis,
1011 915 1083 972 quas
1111 897 1241 970 retinuit,
1271 899 1362 956 multo

238 1002 332 1059 rarius
365 1002 468 1072 utitur3
505 1001 558 1060 sed
591 1003 693 1058 contra
725 1002 869 1059 nonnulla
902 1001 1049 1060 vocabula
1081 1001 1112 1058 in
1144 1001 1246 1075 lingua
1278 999 1362 1059 huius

239 1104 344 1161 aetatis
366 1104 425 1160 vim
448 1103 657 1178 particularum
680 1105 870 1177 acceperunt,
898 1103 977 1160 ouius
999 1103 1201 1161 translationis
1224 1103 1309 1160 etiam
1331 1102 1362 1158 in

238 1205 372 1281 Epicteto
402 1207 554 1281 complura
584 1207 721 1281 exempla
747 1209 821 1264 sunt.
865 1204 1005 1263 Similiter
1034 1208 1190 1263 occurrunt
1218 1203 1361 1279 quaedam

239 1307 387 1383 adverbia,
410 1325 531 1382 quornm
546 1309 630 1366 nulla
646 1309 789 1367 exsistunt
805 1309 984 1384 exemplaria
1000 1309 1109 1367 Attica.
1152 1308 1212 1365 Iam
1228 1307 1362 1383 pluribus

239 1410 439 1469 disserendum
462 1411 517 1468 erit
540 1410 575 1469 de
598 1410 830 1485 denominativis,
853 1413 940 1484 atque
960 1409 996 1468 de
1015 1410 1168 1468 vocabulis
1184 1409 1362 1485 compositis;

238 1512 342 1586 quibus
372 1530 409 1570 ex
432 1513 575 1588 capitibus
597 1513 733 1585 maxime,
764 1515 901 1586 quantum
924 1529 1018 1570 sermo
1045 1512 1171 1587 Epicteti
1193 1510 1363 1587 philosophi

238 1613 329 1673 Stoici
351 1615 465 1673 differat
488 1615 597 1673 aNovi
612 1615 792 1673 Testamenti
814 1613 1032 1687 consuetudine,
1055 1614 1214 1688 apparebit.
1257 1615 1362 1689 Neque

238 1717 326 1775 aliter
354 1734 402 1776 res
433 1735 463 1776 se
492 1715 581 1776 habet
610 1717 641 1774 in
671 1717 706 1776 iis
737 1717 871 1789 vocibus,
905 1733 1027 1790 quarum
1061 1717 1104 1774 vis
1133 1734 1150 1773 a
1179 1715 1362 1792 philosophis

238 1823 348 1877 mutata
377 1824 428 1892 est,
460 1837 525 1878 oum
555 1823 671 1878 ceterae
700 1820 845 1891 notiones,
875 1836 949 1893 qnae
980 1818 1016 1876 ab
1045 1817 1167 1877 Atthide
1197 1818 1362 1891 abhorrent,

237 1922 381 1980 communi
411 1923 461 1980 vel
490 1922 606 1996 volgari
637 1921 797 1981 debeantur
819 1921 948 1996 linguae.
983 1921 1136 1979 Vocabula
1158 1937 1273 1994 quoque
1302 1938 1362 1978 non

237 2041 332 2099 pauca
354 2023 391 2081 ab
414 2041 449 2081 ea
472 2041 509 2081 en
531 2023 619 2081 variis
642 2023 775 2082 dialectis
791 2022 918 2095 Graecis,
941 2025 990 2081 vel
1005 2024 1093 2080 etiam
1107 2023 1238 2082 barbaris
1253 2023 1361 2097 linguis

237 2127 362 2184 manime
384 2127 515 2185 Romana
544 2129 663 2201 recepta
693 2143 756 2184 esse
785 2129 899 2184 constat
929 2143 1021 2200 eaque
1051 2144 1088 2184 ne
1116 2126 1147 2183 in
1176 2124 1221 2184 his
1244 2125 1361 2200 quidem

237 2229 354 2304 scriptis
377 2227 491 2291 desunt.

322 2348 437 2408 Deinde
459 2349 490 2406 in
512 2349 667 2407 verborum
691 2349 905 2408 construetione
927 2352 1047 2424 totaque
1071 2347 1227 2423 eloquendi
1248 2349 1361 2408 ratione

235 2451 290 2509 illa
319 2455 416 2510 aetate
440 2451 570 2510 Graecae
600 2451 720 2526 linguae
751 2455 780 2510 et
802 2452 860 2510 vim
883 2454 912 2510 et
935 2469 1057 2510 acumen
1080 2451 1228 2510 deminuta
1257 2469 1361 2511 essee

236 2552 349 2612 duabus
378 2552 466 2612 rebus
492 2553 680 2628 intellegitur.
724 2554 852 2611 Primum
875 2555 960 2626 enim,
990 2571 1054 2612 cnm
1076 2555 1247 2629 praesertim
1270 2554 1362 2612 Attici

236 2656 393 2731 scriptores
423 2659 452 2714 et
481 2655 645 2731 participiis
668 2658 697 2714 et
718 2654 870 2714 infinitivis
892 2656 1021 2714 membra
1043 2657 1134 2715 artius
1156 2659 1360 2731 coagmentare

237 2760 359 2831 soleant,
381 2758 508 2834 Epicteti
530 2757 708 2816 consuetudo
732 2759 879 2817 contraria
895 2761 946 2834 est,
969 2759 1020 2832 qui
1029 2760 1193 2818 sententias
1208 2758 1361 2834 primarias

236 2859 415 2919 secundariis
453 2859 565 2934 hasque
602 2861 763 2936 participiis
800 2859 949 2936 praeferre
986 2864 1015 2920 et
1047 2878 1100 2936 pro
1134 2879 1203 2920 casn
1236 2861 1362 2936 simplici

236 2961 413 3021 vocabulum
443 2980 508 3021 cum
537 2963 755 3038 praepositione
782 2962 921 3022 adhibere
945 2963 1134 3022 consueverit.
1178 2964 1254 3021 Tum
1276 2981 1360 3039 prae-

236 3065 394 3140 positiones
417 3063 585 3138 frequenter
607 3064 824 3123 confunduntur
846 3069 876 3124 et
898 3066 1062 3124 scribuntur
1083 3084 1136 3142 pro
1159 3059 1277 3150 iasio,
1307 3083 1361 3141 pro

235 3162 281 3239 εἰς
303 3161 350 3241 ἐν,
373 3184 427 3242 pro
449 3161 484 3244 ἐξ
507 3169 537 3224 et
559 3158 625 3227 ὑπό
648 3170 678 3226 et
699 3160 806 3247 napum
835 3167 943 3226 similia
964 3166 1037 3225 finnt
1058 3168 1088 3225 in
1110 3168 1275 3243 particulis;
1306 3162 1360 3228 ἵνα

235 3268 352 3344 saepius
381 3269 439 3326 vim
471 3268 706 3328 coniunctionum
738 3256 844 3344 ὅπως,
879 3256 977 3343 ὥστε,
1010 3265 1061 3346 ἐφ’
1090 3253 1168 3351 ᾧτε,
1197 3274 1256 3328 tum
1287 3267 1360 3342 πῶς

236 3370 445 3429 coniunctionis
468 3357 522 3431 ὅτι
544 3369 694 3443 exhibent3
718 3371 825 3431 deinde
846 3364 890 3454 μὴ
912 3373 1041 3431 crebrius
1064 3372 1197 3445 occurrit,
1221 3389 1307 3446 qnam
1329 3373 1360 3428 in

235 3473 319 3530 libris
348 3471 468 3543 Atticis3
498 3491 565 3530 nam
595 3473 755 3533 indicativo
785 3476 897 3532 tantum
926 3473 1110 3548 subiungitur
1139 3469 1194 3549 ου’,
1224 3474 1360 3549 exempla

235 3578 340 3648 autem,
372 3574 477 3650 quibus
508 3574 599 3633 ceteri
629 3575 708 3633 modi
729 3593 789 3634 non
809 3568 854 3658 μὴ
877 3575 1031 3649 asciscant,
1060 3575 1172 3633 rariora
1199 3578 1278 3647 snnt;
1308 3574 1360 3633 sed

236 3677 321 3736 etiam
352 3662 404 3738 ὅτι
432 3665 486 3759 μὴ,
516 3671 588 3738 ἐπεὶ
616 3669 660 3760 μὴ
689 3678 806 3753 scripsit
827 3677 984 3748 Arrianus3
1014 3677 1079 3736 vioe
1108 3694 1194 3735 versa
1214 3677 1360 3736 interdum

234 3773 263 3840 sl
293 3775 333 3840 οὐ
360 3778 480 3854 legitur:
511 3779 637 3853 itemque
667 3779 699 3837 in
727 3780 885 3838 enuntiatis
913 3779 1056 3852 relativis,
1070 3817 1072 3822 -
1086 3779 1117 3836 in
1146 3779 1250 3854 quibus
1272 3778 1360 3839 Attici

234 3873 278 3964 μὴ
299 3880 488 3957 usurpabant,
519 3876 559 3942 oei
587 3885 743 3957 comparet.
786 3882 822 3939 ln
847 3899 901 3941 usu
923 3880 1073 3940 modorum
1095 3882 1178 3940 verbi
1199 3881 1360 3941 Arrianum

221 4000 294 4052 ¹non
315 3983 422 4058 ubique
445 3983 602 4043 dialectum
624 3984 784 4059 uolgarem,
807 3983 860 4043 sed
882 3985 984 4043 crebro
999 3983 1129 4043 Atticam
1150 3988 1280 4044 secutum
1296 4001 1360 4043 esso

320 4202 341 4266 ¹)
370 4192 567 4270 φευκτότερος,
599 4193 884 4271 ἀναποτευκτότερον,
918 4192 1155 4270 ἄπεριπτώτερον,
1183 4193 1360 4272 septemcau-

234 4300 328 4340 τατον.
