3030 5018
596 453 623 511 3.
656 451 708 512 De
734 452 852 513 verbis
878 451 989 511 mutis.

313 588 482 662 Verborum,
505 589 632 663 quaein
655 591 719 667 -ζω
743 588 859 660 eadunt,
882 573 1020 673 ἁρπάζω
1044 591 1072 647 et
1094 584 1205 668 παίζω
1228 588 1351 647 aoristus
1417 595 1418 598 ’

227 691 360 766 passivus
388 676 521 773 ἡρπάγη
551 691 724 764 11122,36,
753 689 881 749 futurum
910 691 1037 748 aetivum
1066 687 1177 767 παίξω
1207 690 1351 763 124,2Ο,

228 794 352 852 aoristus
381 793 493 852 activus
527 787 647 870 ’ἔπαιξα
674 793 804 865 125,10
834 792 972 866 1v12,4
1003 793 1146 869 praebent
1175 796 1352 868 postremam

228 895 327 971 stirpis
350 912 508 954 consonam
531 897 707 970 gutturalem
729 913 781 970 pro
803 895 970 954 Atticorum
991 895 1112 954 dentali.

312 1032 441 1091 Verbum
474 1028 583 1092 νὶπτω
616 1031 735 1104 119,5
769 1048 806 1090 ex
838 1031 921 1090 verbi
956 1029 1037 1111 νίζω
1070 1030 1165 1090 futuro
1199 1028 1289 1108 νίψω
1323 1033 1353 1088 et

228 1133 335 1192 aoristo
352 1125 460 1212 ἕνίψα,
476 1126 595 1216 πη’σσω
610 1135 625 1191 Ι
641 1133 717 1208 19,4
733 1151 770 1192 ex
784 1131 883 1192 formis
898 1123 1004 1215 πηξω,
1022 1125 1124 1214 ἔπηξα
1136 1130 1173 1190 ad
1186 1132 1350 1206 analogiam

228 1235 383 1308 verborum
398 1237 480 1294 velut
494 1226 617 1312 τάσσω,
639 1230 741 1313 τάξω,
763 1227 863 1312 ἔταξα
868 1257 880 1309 ,·
901 1228 1051 1315 πράσσω,
1074 1227 1203 1314 πράξω,
1226 1225 1351 1314 ἔπραξα

228 1337 296 1397 fieta
318 1341 393 1397 sunt.

483 1527 511 1584 4.
545 1527 593 1584 De
621 1527 806 1584 nonnullis
833 1523 945 1584 futuri
970 1524 1099 1583 formis.

315 1664 454 1722 Futurum
477 1661 603 1721 mediate
624 1663 720 1721 aotivo
744 1660 905 1720 submotum
927 1658 1060 1718 videmus
1082 1659 1113 1716 in

384 1773 549 1863 θαυμάσω
564 1781 578 1838 Ι
594 1783 622 1854 9,
635 1783 675 1839 20
696 1782 740 1839 111
758 1782 782 1854 1,
796 1782 835 1838 29
858 1780 883 1836 Ε
896 1781 935 1837 22
952 1779 992 1856 [v.
1003 1780 1024 1837 l.
1034 1795 1088 1855 pro
1100 1768 1352 1858 θαυμάσονται],

383 1882 494 1962 netgo
517 1884 531 1941 I
548 1883 597 1957 24,
609 1886 649 1942 20
673 1879 943 1961 [Α11.παίσομαι],

383 1977 611 2068 σομπλεύσετε
637 1986 780 2058 112237
804 1985 879 2061 [Att.
894 1977 1096 2064 πλεύσομαι,
1122 1979 1353 2062 scientiaeaut}

384 2089 417 2148 of.
444 2078 581 2169 ὀμόσετε
603 2088 618 2145 Ι
635 2087 797 2161 14,15.16
822 2085 896 2163 [Att.
912 2074 1077 2167 ὁμοῦμοι].

316 2225 425 2285 Contra
453 2223 576 2283 formam
605 2222 762 2282 medialem
791 2240 845 2298 pro
876 2222 972 2282 aotiva
1001 2221 1093 2282 habes
1121 2222 1153 2279 in
1182 2213 1354 2303 λησόμεθα

234 2328 425 2404 „latebimus“
450 2327 600 2402 1117,13,
621 2317 828 2409 τεθνήξομαι
849 2326 863 2383 Ι
882 2327 907 2399 1,
922 2326 971 2399 32,
994 2343 1069 2400 quae
1084 2323 1178 2385 forma
1191 2323 1354 2417 recentiore

231 2433 327 2490 aetate
349 2434 462 2489 tanturn
482 2430 600 2504 legitur.

468 2670 496 2729 5.
529 2671 574 2728 De
602 2667 810 2743 quibusdam
836 2669 960 2726 aoristi
986 2665 1114 2728 formis.

317 2805 412 2865 Valde
434 2806 471 2864 ab
494 2805 659 2865 Atticorum
682 2802 892 2862 consuetudine
914 2802 1049 2862 dissentit

386 2912 629 3006 άπ-ελογήθην
650 2922 699 2981 ΙΙΙ
716 2923 763 2995 18,
776 2925 803 2980 6.
816 2923 845 2996 8,

384 3023 567 3107 μαχέσθητι
589 3026 632 3084 IV
648 3028 675 3098 9,
690 3027 737 3083 ll.

231 3149 429 3208 Athenienses
452 3148 528 3205 enim
551 3147 677 3204 omnium
700 3147 882 3204 saeoulornm
908 3144 1060 3203 malebant
1089 3136 1355 3227 ἀπελογησάμην,

232 3241 446 3331 ἐμαχεσάμην.

317 3386 433 3446 Deinde
452 3404 678 3461 nonnumquam,
702 3403 767 3444 oum
782 3386 888 3445 Attioia
904 3384 1093 3459 scriptoribus
1109 3385 1231 3442 norietus
1245 3384 1356 3459 primus

232 3491 365 3566 passivus
387 3489 474 3547 fuerit
496 3489 526 3547 in
548 3506 609 3564 usu,
632 3487 837 3564 praeferebant
858 3487 1036 3546 reeentiores
1052 3488 1189 3557 alterum
1210 3486 1252 3543 ita
1268 3485 1356 3560 Epio·

233 3596 310 3652 tetus
332 3594 362 3650 in
383 3591 429 3651 his
452 3592 607 3667 exemplis:

387 3724 598 3810 άπηγγέλην
619 3729 634 3786 l
652 3729 678 3802 1,
691 3730 730 3786 28
754 3727 827 3804 [Ait.
842 3743 938 3803 paene
959 3727 1067 3801 ubique
1087 3712 1279 3809 ἡγγὲλθην],

385 3817 518 3913 ἡρπάγη
540 3832 584 3890 lII
600 3833 648 3906 22,
661 3833 700 3889 36
725 3816 940 3912 [ἡρπάσθην],

386 3932 545 4016 θλιβῆναι
568 3934 612 3990 III
630 3935 730 4007 10,13
754 3928 960 4012 [ἐθλὶφθην],

387 4035 635 4120 κατ-ορογηναι
656 4038 698 4096 IV
714 4039 742 4110 8,
755 4038 794 4095 36
818 4028 1011 4116 [ωρύχθην],

388 4146 489 4217 quater
512 4130 635 4222 ἐτάγην
658 4132 837 4222 [ἐτάχθην],

389 4245 433 4306 bis
456 4235 587 4326 ἒψύγην
611 4236 780 4327 [ἐψόχθην
802 4245 831 4302 et
855 4229 1077 4324 άπ-εηάγην].
