3030 5018
1276 280 1314 337 91

192 451 330 513 inferiore
359 456 472 513 tantum
503 457 599 512 aetate
629 451 693 513 ficri
720 455 834 513 solebat
856 454 886 511 in
908 453 1081 528 imperativo
1103 451 1204 511 aoristi
1227 451 1316 510 activi

194 546 276 634 ἄφες
301 557 400 632 ,sine“
435 557 482 633 [N.
497 556 553 633 Τ.],
583 557 633 631 qui
661 557 704 614 uti
731 547 799 636 ἄγε,
831 545 905 617 ἰδοὺ
934 554 1098 631 particulae
1127 555 1189 614 fere
1219 556 1316 613 locum

194 659 319 730 obtinot;
350 659 456 720 Graeci
488 662 605 718 nostrae
638 659 743 718 aetatis
776 660 951 718 vocabulum
984 659 1187 735 corripuerunt
1219 658 1250 714 in
1280 645 1318 729 ἄς

195 759 302 837 [Blass,
325 760 507 822 Grammatik
534 760 585 820 <les
607 759 929 820 Neutestamentlichcn
951 758 1149 820 Griechiscb²
1173 758 1316 835 213,16].

279 915 425 993 Exempla
446 914 520 974 hacc
542 918 620 975 sunt:

687 1053 713 1112 1.
735 1055 824 1128 plur:

279 1173 389 1246 19,15
413 1162 494 1250 ἄφες
517 1168 675 1254 δείξωμεν
698 1159 822 1245 αὐτοῖς.

688 1328 714 1387 1.
736 1327 822 1401 sing:

279 1447 308 1504 Π
326 1447 372 1521 le,
386 1446 426 1503 24
450 1440 580 1524 integat
692 1435 773 1524 ἄφες
796 1441 859 1507 ἴδω
881 1443 932 1520 τίς
955 1438 992 1507 εἷ.

279 1584 323 1643 ΙΙΙ
341 1584 439 1657 12,15
463 1575 601 1661 ἕκόεξαι,
625 1571 705 1662 ἄφες
727 1579 789 1645 ἰ’δω
811 1581 861 1657 τίς
884 1575 989 1645 εἶκαὶ
1012 1575 1124 1645 πόθεν
1148 1578 1232 1664 ἄρχῃ.

279 1722 320 1779 IV
338 1723 363 1795 l,
378 1722 437 1779 132
462 1712 542 1799 ἄφες
564 1716 747 1801 σκέψωμαι.

280 1842 352 1900 Item
383 1859 448 1901 eum
478 1841 565 1900 tertia
594 1842 737 1916 singulari
766 1859 892 1917 persona
922 1841 1044 1915 115,7
1076 1829 1157 1918 ἄφες
1188 1833 1319 1924 ἄνθήσῃ

194 1942 346 2025 πρῶτον,
369 1935 441 2004 εἶτα
462 1936 619 2025 προβάλῃ
641 1936 703 2006 τὸν
726 1936 869 2024 καρπόν,
893 1934 964 2004 εἶτα
985 1944 1155 2024 πεπανθῇ.

280 2166 309 2228 4.
341 2169 493 2225 Nonnulla
515 2166 606 2225 verba
627 2166 762 2226 facienda
784 2171 851 2225 sunt
866 2166 902 2226 de
918 2168 1019 2243 paucis
1034 2168 1094 2224 illis
1109 2169 1191 2241 locis,
1215 2168 1319 2243 quibus

195 2272 225 2328 in
241 2270 393 2329 Schenklii
415 2271 542 2329 editione
564 2270 740 2345 particulam
763 2265 791 2330 εἰ
814 2270 1015 2328 coniunctivus
1037 2270 1228 2344 subsequitur.
1272 2271 1319 2330 Ac

194 2375 319 2450 primum
342 2373 461 2446 quidem
490 2389 549 2430 non
572 2376 623 2444 est,
654 2389 704 2430 our
726 2373 805 2447 129,
819 2373 857 2428 27
881 2374 1037 2430 lectionem
1061 2372 1171 2431 codicis
1193 2390 1207 2431 s
1231 2367 1318 2452 ἔχετε

195 2493 248 2552 pro
272 2470 375 2558 ἔχητε,
398 2477 427 2533 Il
446 2477 544 2546 18,11
569 2479 761 2535 correctorem
778 2475 822 2548 S„
846 2476 896 2550 qni
915 2469 1081 2554 ἐξαλείφει
1096 2493 1150 2551 pro
1165 2471 1320 2556 ἐξαλείψῃ

195 2579 321 2655 scripsit,
343 2578 385 2637 IV
403 2579 481 2651 10,6
505 2579 661 2637 lectionem
678 2577 786 2636 codicis
807 2594 820 2635 s
843 2575 952 2649 θέλεις
967 2596 1021 2653 pro
1038 2574 1139 2657 θέλῃς
1153 2596 1319 2654 scquamnr;

198 2681 303 2740 deinde
325 2681 355 2738 11
373 2682 420 2753 19,
433 2682 470 2738 21
497 2685 525 2739 et
547 2680 591 2739 ΙΙΙ
609 2681 707 2753 16,16
731 2672 823 2762 ἔχητε
843 2679 931 2739 facile
947 2682 976 2738 in
992 2672 1079 2761 ἔχετε
1094 2683 1198 2740 mutari
1212 2687 1321 2757 potest,

196 2783 321 2858 denique
350 2783 593 2843 verisimillimum
624 2787 680 2857 cst,
718 2785 785 2842 loco
814 2785 856 2842 IV
876 2784 958 2857 4,11
990 2780 1102 2845 κλαίοι
1131 2802 1184 2859 pro
1221 2782 1320 2862 κλαίῃ

196 2885 378 2945 scribendum
403 2903 477 2959 esse,
500 2885 578 2960 quod
601 2876 677 2947 οἷον
700 2881 728 2946 εἰ
750 2886 900 2961 praecedit
923 2886 1063 2962 [Coraesl.

720 3176 734 3251 ,r
759 3177 808 3238 ao.

584 3293 637 3360 Ilo
664 3292 929 3374 negationibus.

280 3435 412 3495 Saeculis
448 3434 632 3492 inferioribus
669 3433 743 3492 ratio
779 3434 967 3508 negationum
1006 3430 1045 3492 or'·
1081 3438 1109 3491 et
1145 3423 1188 3513 pq
1228 3435 1319 3509 magis

195 3537 344 3610 magisque
367 3538 408 3594 ita
429 3541 563 3608 mutatur,
585 3541 617 3593 ut
639 3552 727 3610 saepe
751 3532 792 3597 or’·
814 3537 910 3595 locum
932 3537 1096 3611 particulae
1118 3525 1162 3618 μὴ
1178 3535 1319 3608 obtineat,

196 3654 286 3709 qnare
313 3637 471 3696 indicativo
495 3635 543 3712 ori,
574 3639 678 3696 ceteris
707 3639 789 3696 verbi
811 3638 913 3710 modiS,
943 3638 1137 3711 coniunctivo,
1167 3636 1319 3712 infinitivo,

195 3738 349 3814 participio
381 3731 425 3820 μὴ
458 3739 612 3798 adduntur.
664 3738 741 3808 Quin
775 3741 861 3796 etiam
891 3741 921 3795 in
953 3740 1103 3797 sententiis
1134 3741 1319 3800 enuntiativis

195 3845 283 3915 atquo
306 3841 524 3915 temporalibus,
548 3859 623 3916 quae
646 3841 797 3915 particulis
821 3830 882 3916 ὅτι,
905 3834 974 3901 ἐπεὶ
998 3841 1157 3900 instructae
1180 3847 1254 3915 sunt,
1275 3835 1319 3925 μὴ

195 3961 410 4018 nonnumquam
433 3944 548 4019 legitur.
593 3943 664 4001 Vico
687 3960 772 4001 versa
802 3944 831 4000 in
858 3943 960 4017 lingua
989 3943 1104 4016 volgari
1132 3947 1319 4018 pronuntiata

194 4047 329 4117 relativa,
359 4046 464 4122 quibus
495 4047 569 4104 inest
599 4045 679 4102 notio
710 4046 871 4104 voluntatis
901 4047 951 4102 vel
975 4045 1017 4102 rei
1039 4048 1149 4103 tantum
1173 4048 1317 4122 cogitatae

195 4151 244 4208 vel
275 4165 350 4222 quae
380 4166 440 4206 non
469 4145 506 4205 ad
536 4145 666 4219 singulas
696 4165 750 4222 res,
780 4147 831 4207 sed
862 4147 898 4206 ad
927 4147 1091 4222 complures
1114 4151 1256 4223 spectant,
1278 4141 1319 4211 οὗ

196 4269 248 4327 pro
270 4241 314 4333 μὴ
335 4251 482 4310 exhibent.
