3030 5018
1284 353 1324 410 69

358 509 395 596 [Ε
411 518 491 591 29‚2
512 515 650 576 traditum
673 521 719 577 est
739 515 986 600 παρ-ἔρχεσθαι
1009 515 1046 581 ἐν
1061 518 1111 602 τῷ
1133 507 1252 601 ἀγῶνα
1274 521 1325 582 sed

408 620 519 678 eollsto
540 621 609 679 loeo
631 621 675 679 111
699 621 778 694 15,4
800 624 880 680 reete
903 623 940 682 ab
955 623 1074 699 Uptono
1096 624 1261 683 restitutum
1282 630 1327 684 est

408 716 704 802 παρ-ερύσσεσθαι
725 717 772 785 ἐν.
786 742 816 784 τ.
833 721 883 800 ἀ.].

288 875 362 934 Loei
383 875 571 951 insequentes
585 894 646 934 non
660 877 722 937 sine
737 876 839 937 lubere
855 896 889 936 ae
905 880 1022 954 negotio
1037 880 1181 956 explicari
1194 886 1326 957 possunt,

203 981 235 1036 ut
256 972 294 1039 ἐν
313 995 368 1055 pro
390 974 436 1052 εἰς
457 983 628 1054 usurpatum
650 996 714 1039 esse
736 998 796 1038 uon
818 981 1022 1041 existimemus.

356 1116 400 1173 111
423 1117 476 1188 22,
496 1115 537 1173 84
569 1109 606 1176 ἐν
628 1111 816 1197 Ἀθηναίοις
849 1109 1033 1196 παρελθών
1066 1114 1135 1197 ἐρεῖ
1165 1139 1215 1192 τις
1247 1118 1325 1198 περὶ

406 1210 587 1298 προσόδων
615 1207 636 1297 ἢ
661 1210 782 1297 πόρων
816 1217 851 1276 ef.
875 1219 983 1294 (Plat.)
1009 1221 1231 1281 Ale.1105a:
1266 1216 1325 1284 ἐὰν

407 1318 539 1382 θᾶττον
566 1313 598 1393 ἐς
624 1311 686 1381 τὸν
702 1314 892 1401 Ἀθηναίων
916 1317 1024 1400 δῆμον
1049 1321 1219 1403 παρέλθῃς
1241 1326 1324 1384 item·

407 1441 463 1499 que
485 1423 593 1497 ubique
615 1424 645 1481 iu
667 1423 750 1482 libris
772 1423 879 1482 Atticis
902 1422 1126 1506 παρέρχεσθαι
1148 1422 1202 1499 εἰς.

287 1577 318 1637 Si
351 1579 415 1653 quis
445 1572 481 1639 ἐν
506 1568 694 1660 Ἀθηναῖοις
720 1579 866 1637 rettulerit
899 1578 938 1637 sd
969 1573 1044 1661 ἐρεῖ,
1076 1580 1117 1638 ita
1149 1582 1246 1639 locum
1279 1583 1322 1639 in·

201 1681 336 1755 telleget:
362 1680 430 1754 „An
444 1679 645 1756 philosophus,
669 1698 733 1739 eum
749 1697 783 1739 eo
800 1698 831 1740 se
846 1683 1010 1756 contulerit,
1032 1681 1111 1758 apud
1126 1681 1322 1742 Athenienses

201 1783 292 1842 verbu
313 1781 402 1842 faeiat
424 1782 460 1842 de
483 1783 715 1858 vestigalibus?“

287 1920 402 1978 Deinde
425 1921 449 1979 si
471 1920 513 1979 IV
531 1920 577 1995 10,
590 1923 621 1979 3:
655 1912 736 2002 ημὴ.
754 1967 760 1980 .
778 1968 784 1981 .
800 1913 961 2000 προπήδα
991 1915 1027 1981 ἐν
1054 1921 1103 2002 τῷ
1125 1918 1322 2001 συγκατατί-

201 2025 343 2086 erosae*
369 2022 468 2082 verbis
484 2019 520 2084 ἐν
535 2043 563 2084 τ.
581 2037 609 2083 σ.
633 2040 749 2082 sensum
764 2024 846 2082 verbi
861 2016 1021 2102 προπήδα
1036 2025 1151 2098 expleri
1164 2025 1322 2099 putaveris,

199 2144 353 2202 perperam
375 2121 413 2187 ἐν
434 2144 487 2201 pro
511 2121 556 2198 εἰς
577 2127 705 2201 positum
727 2143 790 2184 esse
813 2126 979 2201 apparebit3
1001 2128 1047 2185 sin
1069 2131 1165 2185 autem
1184 2144 1243 2184 uns
1256 2145 1321 2184 ver-

199 2229 269 2288 teris
290 2227 364 2287 haee
387 2228 546 2286 voeabula:
580 2219 664 2306 „rupe
686 2226 749 2287 τοῦ
777 2220 912 2307 ἐπάγειν
934 2211 1163 2304 τὸνφυσικὸν
1191 2222 1321 2289 κανόνα

292 2325 328 2391 ἐν
355 2327 405 2412 τῷ
434 2325 772 2410 συγκατατίθεσθαι“,
801 2322 837 2387 ἐν
867 2327 917 2409 τῷ
946 2348 976 2390 κ.
1006 2333 1084 2388 reete
1118 2328 1156 2387 ad
1185 2321 1321 2409 ἐπάγειν

199 2431 331 2495 refertur.

682 2610 833 2680 3.Ἆπά

283 2740 372 2812 Luce,
395 2757 432 2798 ex
448 2756 505 2813 quo
521 2739 587 2812 quis
602 2739 669 2810 erit,
692 2735 789 2799 Attiei
804 2738 961 2813 scriptores
978 2738 1090 2797 addunt
1106 2733 1153 2814 ἐκ,
1169 2740 1320 2816 Epictetus

198 2846 243 2902 ter
265 2830 345 2903 α’πόε

351 2980 365 3037 ι
382 2979 430 3051 ns,
444 2979 481 3035 27
500 2970 612 3055 ἔξεισι
628 2969 732 3038 πάλιν
748 2963 815 3038 ἀπὸ
831 2976 888 3060 τῆς
903 2977 1053 3062 φυλακῆς
1073 2973 1123 3055 [ἐκ
1138 2980 1181 3039 ιιι
1198 2982 1246 3053 ns,
1259 2981 1320 3057 74].

350 3099 429 3171 129,
442 3098 483 3156 34
506 3095 580 3172 νέος
596 3146 603 3161 .
620 3146 626 3158 .
646 3146 652 3158 .
671 3084 738 3158 ἀπὸ
761 3097 879 3181 σχολῆς
902 3090 1013 3159 ἀπιών
1036 3093 1082 3176 [ἐκ
1106 3098 1206 3177 5‚10].

350 3219 393 3276 111
416 3219 464 3293 21,
479 3219 517 3275 12
542 3207 608 3278 ἀπὸ
632 3213 764 3297 λιμένος
785 3214 847 3296 μὲν
870 3205 980 3290 οὐδεὶς
1003 3207 1168 3299 ἀνάγεται.

282 3374 381 3432 Semel
409 3372 526 3448 passivo
555 3373 638 3431 verbi
668 3360 910 3433 ἄπο-στέλλειν
942 3391 995 3449 pro
1024 3367 1116 3454 παρὰ
1145 3374 1220 3434 falso
1251 3363 1319 3434 ἐιπὸ

197 3475 365 3551 adiungitur
386 3474 435 3552 (ef.
451 3473 649 3557 πεμφθῆναι
671 3469 762 3554 παρά
785 3493 876 3548 τινας
899 3475 967 3534 inde
989 3475 1027 3539 ab
1049 3475 1201 3552 Homero):

350 3613 517 3685 11122,23
551 3600 625 3673 ἀλλ’
658 3606 780 3672 εἰδέναι
810 3608 861 3672 δεῖ
891 3612 948 3688 [se.
964 3604 1024 3673 τὸν
1059 3604 1230 3686 κυνικόν],
1264 3602 1317 3674 ὅτι

401 3705 538 3795 ἄγγελος
562 3705 628 3775 ἀπὸ
651 3713 714 3774 τοῦ
736 3706 813 3787 Διὸς
835 3703 1047 3775 ἀπέσταλται.

280 3867 395 3926 Deinde
418 3872 484 3926 sunt
507 3868 564 3927 duo
586 3869 656 3942 loci,
679 3867 782 3943 quibus
804 3869 894 3927 verbe
909 3868 1041 3928 sumendi
1055 3872 1084 3927 et
1100 3868 1237 3928 audiendi
1250 3887 1316 3946 per·

194 3987 296 4045 peram
319 3957 387 4032 ἀπὸ
410 3988 461 4046 pro
483 3964 575 4053 παρὰ
597 3972 754 4030 asciscunt:

347 4105 389 4165 IV
411 4106 493 4178 11,3
523 4093 633 4179 οὕτως
664 4100 835 4187 ἐξαίρετόν
865 4128 897 4168 τι
926 4104 1002 4185 περὶ
1033 4099 1095 4169 τὸν
1125 4099 1315 4188 ἄνθρωπον

398 4199 483 4268 εἶναι
506 4201 647 4288 οἰόμεθα
670 4202 737 4272 α’πό
760 4209 830 4271 τῶν
854 4210 948 4271 θεῶν
969 4202 1053 4272 αὐτὸ
1075 4211 1215 4292 πρῶτον
1236 4212 1315 4292 λαμ-

397 4302 568 4387 sivones.
