3030 5018
1255 317 1273 378 3

151 491 288 563 vidimus;
317 489 386 550 inde
408 491 555 566 optativus
577 488 663 548 modo
685 507 738 565 per
759 491 846 565 plura
868 489 965 565 capita
986 488 1096 548 frustra
1116 490 1273 565 quaeritur,

153 593 238 652 modo
260 593 367 668 legitur
393 593 539 652 cumulate
568 594 743 668 plerumque
766 581 809 653 ἂν
832 592 941 650 addito.
984 591 1164 650 indicativus
1186 591 1275 651 futuri

153 698 182 753 et
218 695 418 754 subiunctivus
458 694 569 766 aoristi,
614 711 736 768 qnorum
776 693 887 752 formae
924 693 1039 752 activae
1075 691 1274 767 medialesque

152 799 271 873 paulurn
300 798 376 856 inter
404 813 435 855 se
465 795 608 868 differunt,
638 796 668 854 in
698 796 831 855 omnibus
862 795 945 854 verbi
973 795 1128 870 generibus
1154 794 1275 854 confun-

153 899 268 974 duntur,
290 901 371 959 cuius
393 903 491 958 tamen
512 915 581 957 usus
602 916 699 975 pauca
721 903 788 957 sunt
810 900 954 975 exempla.

237 1022 299 1078 lam
327 1024 482 1096 postquam
510 1021 684 1078 structuram
712 1019 851 1077 sermonis
874 1018 1030 1093 Epictetei,
1060 1018 1163 1093 quibus
1189 1017 1276 1078 rebus

153 1122 190 1181 ab
226 1122 327 1181 Attico
364 1121 543 1194 discesserit,
580 1122 610 1178 in
646 1121 813 1179 universnm
850 1120 1108 1194 consideravimus,
1145 1121 1276 1195 quaestio

154 1226 252 1298 oritur,
281 1242 369 1299 quarn
398 1225 541 1282 rationem
570 1222 705 1283 habuerit
734 1222 771 1282 ad
793 1222 1030 1282 consuetudinem
1059 1224 1141 1282 illins
1164 1223 1277 1282 aetatis.

154 1327 201 1386 Ac
223 1326 301 1400 inde,
323 1325 401 1402 qnod
417 1327 567 1402 Epictetus
582 1343 683 1385 servus
705 1344 742 1384 ex
756 1327 843 1402 plebe
860 1330 938 1385 ortus
953 1332 1024 1399 erat,
1047 1327 1162 1401 volgari
1175 1327 1277 1402 lingua

155 1445 221 1487 eum
246 1446 329 1487 usum
352 1446 417 1487 esse
440 1428 542 1503 colligi
563 1430 667 1503 potest.
711 1426 764 1486 Oui
786 1429 882 1486 omnia
903 1446 939 1487 ea
960 1427 1088 1488 tribuere
1110 1429 1277 1504 poterimus,

155 1548 231 1605 quae
253 1531 374 1590 aliunde
395 1531 514 1589 fluxisse
536 1548 596 1588 non
619 1530 777 1588 verisimile
799 1530 843 1589 sit.
887 1531 953 1588 Duo
969 1547 1040 1588 vero
1056 1531 1168 1590 externi
1183 1529 1278 1590 fontes

156 1633 291 1708 indagari
312 1637 443 1709 possunt,
465 1633 623 1708 scriptores
644 1633 738 1692 Attici
761 1636 790 1691 et
812 1631 914 1690 schola
936 1632 1042 1692 Stoica.

240 1754 288 1813 Ac
310 1754 433 1829 primurn
453 1752 569 1828 quidem
585 1753 726 1811 sermonis
741 1752 834 1811 Attici
848 1753 972 1826 vestigia
987 1753 1083 1811 inesse
1099 1752 1278 1812 dissertatio-

156 1857 241 1916 nibus
263 1856 362 1928 multa,
385 1858 435 1915 vel
456 1861 612 1932 propterea
630 1856 787 1914 verisimile
804 1873 862 1914 non
878 1855 1000 1929 videtur,
1023 1855 1102 1930 quod
1117 1857 1279 1916 orationem

157 1960 289 2035 expolire
312 1959 430 2017 minime
453 1959 577 2029 studuit;
600 1957 652 2017 sed
675 1958 818 2017 accedunt
839 1976 886 2017 res
905 1957 989 2017 dnae.
1032 1959 1147 2018 Etenim
1162 1964 1280 2019 accusat

156 2061 297 2134 rhetores,
309 2062 358 2135 qui
369 2060 683 2136 verballenophontea
696 2061 842 2135 corrigere
851 2061 977 2136 cupiant,
988 2078 1127 2119 summam
1138 2061 1280 2121 dictorum

157 2165 351 2240 neglegant.¹)
393 2163 507 2223 Deinde
541 2165 565 2222 si
591 2164 655 2237 quis
684 2164 842 2222 sententias
864 2164 996 2223 Platonis
1018 2163 1280 2240 Xenophontisque

158 2266 195 2325 ab
217 2267 352 2343 Epicteto
375 2266 509 2324 laudatas
539 2267 752 2340 comparaverit
781 2283 846 2324 cunr
875 2267 972 2325 verbis
1002 2268 1144 2340 genuinis,
1176 2272 1280 2343 quant-

158 2387 247 2445 opere
270 2372 462 2428 commutatae
486 2369 551 2440 sint,
574 2367 693 2440 videbit,
716 2371 747 2425 ut
769 2385 858 2443 saepe
874 2368 911 2426 ab
926 2369 1026 2427 Attico
1043 2386 1175 2428 sermone
1190 2371 1282 2445 plane

159 2473 274 2531 alienae
302 2474 366 2533 sint.
417 2473 455 2531 Et
488 2489 526 2529 ne
559 2474 591 2529 ut
623 2473 736 2544 legeret
769 2471 886 2544 quidem
916 2488 1016 2530 omnes
1046 2471 1136 2530 libros
1166 2473 1282 2532 Atticos

159 2593 278 2651 operam
293 2574 386 2646 dedit3
402 2574 454 2633 sed
469 2575 519 2650 qui
535 2575 562 2633 ei
578 2577 661 2632 erant
676 2574 744 2645 noti,
761 2578 820 2631 turn
837 2574 963 2631 omnium
979 2577 1062 2631 erant
1073 2575 1103 2631 in
1115 2574 1282 2650 manibus.²)

159 2677 270 2736 Eodem
300 2677 385 2736 modo
415 2678 524 2752 scripta
554 2677 716 2736 Stoicorum
745 2676 807 2735 fere
837 2677 933 2735 omnia
961 2677 1129 2750 neglexisse
1159 2676 1283 2750 videtur,

160 2798 224 2839 cum
247 2781 346 2855 verba,
376 2798 450 2854 quac
472 2781 626 2854 Zenonem,
651 2778 853 2854 Chrysippum,
882 2778 1030 2837 Socratem
1053 2779 1184 2838 dicentes
1204 2778 1300 2852 facit,

160 2883 234 2941 nihil
256 2884 332 2942 inter
353 2900 384 2942 se
400 2882 515 2942 differre
531 2883 655 2941 soleant.
699 2882 736 2939 Et
751 2881 912 2940 Stoicorum
926 2882 1128 2954 recentiorum,
1151 2882 1284 2940 Panaetii

161 2984 369 3060 Posidoniique
398 3003 435 3043 ne
468 2985 586 3043 nomina
619 2983 736 3057 quidem
770 2985 797 3041 ei
830 2986 900 3041 nota
933 2986 1023 3041 erant.
1076 2982 1171 3052 Quare
1205 2982 1284 3058 qnod

161 3092 258 3145 tamen
292 3087 388 3145 multis
422 3087 584 3145 Stoicorum
617 3085 879 3161 appellationibus,
916 3103 1090 3158 quamquam
1123 3103 1182 3143 non
1215 3087 1285 3144 satis

162 3190 310 3263 distincte,
341 3190 441 3263 utitur,
476 3188 505 3245 id
536 3189 629 3262 magis
659 3187 724 3245 Rufi
754 3187 952 3263 praeceptoris
981 3188 1165 3260 institutioni,
1198 3206 1284 3263 quam

162 3293 246 3351 libris
269 3291 430 3350 Stoicorum
453 3291 614 3366 principum
638 3290 739 3348 deberi
762 3290 884 3348 videtur.

248 3409 306 3470 Sed
334 3409 485 3485 Epictetus
514 3409 577 3485 ipse
607 3407 826 3467 dissertationes
857 3426 915 3467 non
948 3409 1128 3484 conscripsit.
1179 3409 1284 3484 Itaque

164 3513 342 3573 considerari
371 3515 493 3588 oportet,
523 3529 591 3569 num
613 3511 757 3569 Arrianus
787 3510 824 3568 ad
855 3511 974 3570 verbnm
1003 3511 1203 3586 praeceptoris
1226 3514 1284 3568 tra-

163 3616 270 3674 diderit
291 3632 448 3674 sermones.
492 3615 528 3687 Is,
559 3631 623 3671 enm
652 3611 786 3670 scholam
809 3613 935 3687 Epicteti
967 3613 1046 3686 adiit,
1076 3631 1183 3671 annum
1206 3614 1286 3687 vige·

163 3720 265 3777 simum
288 3717 406 3792 agebat;
430 3718 563 3774 iuvenem
586 3715 714 3773 nobilem
737 3716 916 3789 elegantiore
940 3733 1073 3774 sermone
1093 3717 1134 3773 uti
1150 3714 1287 3773 debuisse

164 3840 250 3896 quam
276 3839 390 3879 servum
414 3820 516 3893 negari
539 3835 598 3876 non
620 3822 728 3893 potest;
751 3817 819 3875 inde
842 3822 873 3876 ut
896 3835 954 3876 non
978 3837 1014 3875 ex
1037 3817 1179 3876 industria
1198 3818 1287 3876 inter-

164 3924 231 3981 dum
261 3923 352 3982 verba
375 3922 504 3996 magistri
526 3923 656 3991 mutaret,
686 3918 747 3977 fieri
769 3921 875 3994 potuit;
905 3937 1001 3994 neque
1024 3937 1093 3979 vero
1117 3920 1287 3995 perpolivit,

252 4127 259 4156 1

249 4124 273 4277 ’ζ
290 4122 438 4276 ΕΙΞΞΒᾸΞΟ,
450 4207 524 4274 Οῐίῐ.,
548 4173 636 4259 Aleih.
649 4204 679 4272 1,
702 4203 840 4273 Phaedon,
859 4207 952 4276 Soph,
977 4207 1070 4275 Resp,
1093 4206 1176 4272 Prot,
1195 4205 1288 4274 Gorg,

165 4293 292 4360 Theaet.;
310 4292 378 4347 Xen.
392 4293 504 4360 Comm,
521 4291 587 4346 lust.
601 4290 672 4359 Oyr,
691 4288 762 4342 Hell.

1108 4393 1138 4445 1*

171 4796 308 4945 ,A
