3030 5018
247 309 267 368 4

249 480 330 558 quod
353 499 390 540 ex
413 481 539 557 epistula
561 479 598 539 ad
613 480 736 540 Lucium
752 480 880 540 Gellium
904 480 973 539 data
987 483 1122 556 apparet3
1145 497 1203 555 qua
1225 497 1256 539 se
1278 480 1371 555 ipsum

249 583 469 643 dissertationes
491 583 602 659 publici
623 584 693 643 iuris
715 600 775 641 non
801 582 916 656 fecisse,
946 582 998 642 sed
1026 600 1057 642 se
1083 583 1176 641 invito
1203 600 1252 641 eas
1280 581 1372 641 editas

248 704 312 746 esse
344 685 421 746 dicit.
464 686 583 745 Librum
613 703 684 745 vero
712 687 878 745 manualem
908 686 944 744 ab
967 686 1095 745 Arriano
1125 685 1282 760 diligenter
1304 703 1370 744 con·

248 789 386 864 scriptum
408 805 472 848 esse
494 787 672 848 Schenklius
703 806 797 864 nuper
820 787 977 861 contendit,
1008 789 1058 863 qui
1088 788 1268 863 comparavit
1291 788 1371 846 129

249 890 402 950 enchiridii
423 908 488 949 cum
511 889 730 966 diss.11115.¹)
773 891 818 964 Et,
849 908 1024 966 quamquam
1056 889 1092 949 de
1119 891 1216 950 verbis
1239 889 1372 965 genuinis

249 992 399 1052 enchiridii
436 992 512 1051 nihil
551 996 630 1051 certe
668 991 821 1051 diiudicari
866 997 975 1068 potest,
1020 992 1096 1068 quod
1139 992 1234 1052 adhuc
1274 994 1372 1066 „iusta

248 1097 420 1154 recensione
448 1096 545 1154 caret“
577 1099 663 1169 atque
691 1095 866 1168 „Arrianum
889 1096 1022 1154 consulto
1044 1096 1137 1153 multa
1158 1095 1189 1152 in
1211 1093 1371 1153 enchiridio

248 1198 334 1256 aliter
357 1200 444 1272 atquc
465 1199 497 1255 in
519 1197 770 1256 dissertationibus
800 1198 949 1274 scripsisse
976 1199 1027 1256 vel
1049 1197 1228 1256 tardissimus
1251 1197 1371 1272 quisque

248 1300 431 1375 intellegot“,
460 1303 559 1358 tamen
580 1301 744 1375 Epictetum
774 1301 804 1358 in
835 1300 995 1360 euchiridio
1018 1319 1077 1359 non
1099 1299 1199 1372 Attici,
1229 1297 1281 1358 sed
1303 1316 1371 1358 usus

249 1403 395 1476 elegantis
418 1420 487 1461 suae
510 1403 614 1461 aetatis
635 1402 809 1461 imitatorem
831 1401 920 1461 fuisse
945 1406 1058 1461 constat
1081 1422 1117 1461 ex
1132 1403 1263 1478 plurimis
1278 1401 1372 1462 rebus.

248 1504 377 1563 Atticum
400 1522 561 1564 sermonem
585 1505 667 1579 sequi
689 1505 833 1563 Arrianus
855 1506 946 1563 multo
969 1506 1060 1564 serius
1084 1506 1214 1580 sospita)

333 1608 394 1664 Iam
425 1608 522 1665 omnia
550 1610 620 1682 puto
650 1624 713 1665 esse
744 1610 923 1679 enumerata,
957 1607 1061 1681 quibus
1091 1608 1224 1665 effectum
1255 1609 1311 1680 est,
1341 1611 1372 1665 ut

249 1725 343 1767 sermo
365 1709 516 1785 Epictetus
538 1710 657 1785 paulum
680 1708 850 1767 abhorreret
873 1727 890 1766 a
911 1709 1014 1784 lingua
1036 1709 1159 1784 volgari.

334 1873 356 1940 ¹)
374 1872 461 1928 Praei.
475 1873 603 1928 editionis
623 1878 696 1942 1894,
714 1891 741 1942 p.
754 1874 804 1929 LV
815 1889 876 1942 sqq.

334 1959 356 2026 ²)
375 1958 476 2027 Omnia,
502 1974 572 2026 quae
595 1964 704 2027 praeter
722 1959 929 2014 dissertationes
947 1975 1092 2028 earumque
1111 1959 1262 2029 fragmenta
1280 1964 1308 2013 et
1326 1976 1371 2014 11-

249 2043 382 2097 chiridion
406 2044 505 2098 tradita
527 2043 658 2098 habemus
683 2045 760 2112 quasi
783 2045 940 2112 Epictetea,
970 2045 1084 2098 alienam
1108 2045 1239 2099 exhibent
1261 2045 1371 2098 dicendi

248 2128 393 2195 rationem;
419 2141 502 2196 quare
524 2130 630 2183 uncinis
654 2129 765 2198 inclusi,
794 2145 863 2198 quae
887 2146 922 2184 ex
940 2130 1117 2199 gnomologia
1140 2130 1294 2186 Stobaeana
1318 2136 1370 2184 etc.

248 2214 372 2282 repetivi,
390 2230 425 2268 ue
443 2214 561 2269 obscura
572 2214 675 2282 fierent,
694 2230 763 2283 quae
776 2215 812 2268 de
825 2215 1023 2270 consuetudine
1035 2217 1180 2284 Epictetea
1192 2221 1266 2271 certa
1277 2216 1371 2271 haberi

248 2303 373 2368 possunt.
